%% Created using Papers on Mon, 17 Jul 2017.
%% http://papersapp.com/papers/

@inproceedings{Dietrich:2012kw,
author = {Dietrich, C F and Averkiou, Michalakis and Correas, J-M and Lassau, N and Leen, E and Piscaglia, F},
title = {{An EFSUMB introduction into Dynamic Contrast-Enhanced Ultrasound (DCE-US) for quantification of tumour perfusion.}},
booktitle = {Ultraschall in der Medizin (Stuttgart, Germany : 1980)},
year = {2012},
pages = {344--351},
organization = {Innere Medizin 2, Caritas-Krankenhaus, Bad Mergentheim. Christoph.Dietrich@ckbm.de},
publisher = {{\textcopyright}~Georg Thieme Verlag KG},
month = aug
}

@article{Patlak:1983id,
author = {Patlak, Clifford S and Blasberg, Ronald G and Fenstermacher, Joseph D},
title = {{Graphical Evaluation of Blood-to-Brain Transfer Constants from Multiple-Time Uptake Data}},
journal = {Journal of Cerebral Blood Flow {\&} Metabolism},
year = {1983},
volume = {3},
number = {1},
pages = {1--7},
month = mar
}

@article{Doury:2017fz,
author = {Doury, Maxime and Dizeux, Alexandre and De Cesare, Alain and Lucidarme, Olivier and Pellot-Barakat, Claire and Bridal, S Lori and Frouin, Fr{\'e}d{\'e}rique},
title = {{Quantification of tumor perfusion using dynamic contrast-enhanced ultrasound: impact of mathematical modeling.}},
journal = {Physics in medicine and biology},
year = {2017},
volume = {62},
number = {3},
pages = {1113--1125},
month = feb
}

@article{Barrois:2013gw,
author = {Barrois, Guillaume and Coron, Alain and Payen, Thomas and Dizeux, Alexandre and Bridal, S Lori},
title = {{A multiplicative model for improving microvascular flow estimation in dynamic contrast-enhanced ultrasound (DCE-US): theory and experimental validation.}},
journal = {IEEE Transactions on Ultrasonics, Ferroelectrics and Frequency Control},
year = {2013},
volume = {60},
number = {11},
pages = {2284--2294},
month = nov
}

@article{Logan:1990jg,
author = {Logan, J and Fowler, J S and Volkow, N D and Wolf, A P and Dewey, S L and Schlyer, D J and MacGregor, R R and Hitzemann, R and Bendriem, B and Gatley, S J},
title = {{Graphical analysis of reversible radioligand binding from time-activity measurements applied to [N-11C-methyl]-(-)-cocaine PET studies in human subjects.}},
journal = {Journal of Cerebral Blood Flow {\&} Metabolism},
year = {1990},
volume = {10},
number = {5},
pages = {740--747},
month = sep
}

@article{CardenasRodriguez:2013em,
author = {C{\'a}rdenas-Rodr{\'\i}guez, Julio and Howison, Christine M and Pagel, Mark D},
title = {{A linear algorithm of the reference region model for DCE-MRI is robust and relaxes requirements for temporal resolution}},
journal = {Magnetic resonance imaging},
year = {2013},
volume = {31},
number = {4},
pages = {497--507},
month = may
}

@article{Tang:2011fja,
author = {Tang, M X and Mulvana, H and Gauthier, T and Lim, A K P and Cosgrove, D O and Eckersley, R J and Stride, E},
title = {{Quantitative contrast-enhanced ultrasound imaging: a review of sources of variability.}},
journal = {Interface Focus},
year = {2011},
volume = {1},
number = {4},
pages = {520--539},
month = aug
}

@article{Balvay:2005ca,
author = {Balvay, Daniel and Frouin, Fr{\'e}d{\'e}rique and Calmon, Guillaume and Bessoud, Bertrand and Kahn, Edmond and Siauve, Nathalie and Cl{\'e}ment, Olivier and Cuenod, Charles A},
title = {{New criteria for assessing fit quality in dynamic contrast-enhancedT1-weighted MRI for perfusion and permeability imaging}},
journal = {Magnetic Resonance in Medicine},
year = {2005},
volume = {54},
number = {4},
pages = {868--877}
}

@article{Yankeelov:2005dea,
author = {Yankeelov, Thomas E and Luci, Jeffrey J and Lepage, Martin and Li, Rui and Debusk, Laura and Lin, P Charles and Price, Ronald R and Gore, John C},
title = {{Quantitative pharmacokinetic analysis of DCE-MRI data without an arterial input function: a reference region model.}},
journal = {Magnetic resonance imaging},
year = {2005},
volume = {23},
number = {4},
pages = {519--529},
month = may
}

@article{vanBuuren:2011ica,
author = {van Buuren, Stef and Groothuis-Oudshoorn, Karin},
title = {{mice: Multivariate Imputation by Chained Equations in R}},
journal = {Journal of Statistical Software},
year = {2011},
volume = {45},
number = {1},
pages = {1--67},
month = dec
}

