%% Created using Papers on Sat, 29 Jul 2017.
%% http://papersapp.com/papers/

@article{Hanahan:2011gu,
author = {Hanahan, Douglas and Weinberg, Robert A},
title = {{Hallmarks of cancer: the next generation.}},
journal = {Cell},
year = {2011},
volume = {144},
number = {5},
pages = {646--674},
month = mar
}

@article{Phillips:2004ke,
author = {Phillips, Patrick and Gardner, Edward},
title = {{Contrast{\textendash}agent detection and quantification}},
journal = {European Radiology Supplements},
year = {2004},
volume = {14},
number = {8},
pages = {P4--P10}
}

@article{Greis:2004ub,
author = {Greis, Christian},
title = {{Technology overview: SonoVue (Bracco, Milan).}},
journal = {European Radiology},
year = {2004},
volume = {14 Suppl 8},
pages = {P11--5},
month = oct
}

@article{Meairs:2000eq,
author = {Meairs, S and Daffertshofer, M and Neff, W and Eschenfelder, C and Hennerici, M},
title = {{Pulse-inversion contrast harmonic imaging: ultrasonographic assessment of cerebral perfusion.}},
journal = {Lancet (London, England)},
year = {2000},
volume = {355},
number = {9203},
pages = {550--551},
month = feb
}

@article{Guedra:2017ij,
author = {Gu{\'e}dra, Matthieu and Cornu, Corentin and Inserra, Claude},
title = {{A derivation of the stable cavitation threshold accounting for bubble-bubble interactions.}},
journal = {Ultrasonics sonochemistry},
year = {2017},
volume = {38},
pages = {168--173},
month = sep
}

@article{Tiemann:1999vy,
author = {Tiemann, Klaus and Lohmeier, Stefan and Kuntz, Stefanie and K{\"o}ster, J{\"o}rg and Pohl, Christoph and Burns, Peter and R, Thomas and Nanda, Navin C and L{\"u}deritz, Berndt and Becher, Harald},
title = {{Real-Time Contrast Echo Assessment of Myocardial Perfusion at Low Emission Power: First Experimental and Clinical Results Using Power Pulse Inversion Imaging.}},
journal = {Echocardiography (Mount Kisco, N.Y.)},
year = {1999},
volume = {16},
number = {8},
pages = {799--809},
month = nov
}

@article{Hanahan:2000hx,
author = {Hanahan, Douglas and Weinberg, Robert A},
title = {{The Hallmarks of Cancer}},
journal = {Cell},
year = {2000},
volume = {100},
number = {1},
pages = {57--70},
month = jan
}

@article{Wei:1998jd,
author = {Wei, Kevin and Jayaweera, Ananda R and Firoozan, Soroosh and Linka, Andre and Skyba, Danny M and Kaul, Sanjiv},
title = {{Quantification of Myocardial Blood Flow With Ultrasound-Induced Destruction of Microbubbles Administered as a Constant Venous Infusion}},
journal = {Circulation},
year = {1998},
volume = {97},
number = {5},
pages = {473--483},
month = feb
}

@article{Barrois:2013gw,
author = {Barrois, Guillaume and Coron, Alain and Payen, Thomas and Dizeux, Alexandre and Bridal, S Lori},
title = {{A multiplicative model for improving microvascular flow estimation in dynamic contrast-enhanced ultrasound (DCE-US): theory and experimental validation.}},
journal = {IEEE Transactions on Ultrasonics, Ferroelectrics and Frequency Control},
year = {2013},
volume = {60},
number = {11},
pages = {2284--2294},
month = nov
}

@article{Ribba:2011cl,
author = {Ribba, Benjamin and Watkin, Emmanuel and Tod, Michel and Girard, Pascal and Grenier, Emmanuel and You, Beno{\^\i}t and Giraudo, Enrico and Freyer, Gilles},
title = {{A model of vascular tumour growth in mice combining longitudinal tumour size data with histological biomarkers.}},
journal = {European journal of cancer (Oxford, England : 1990)},
year = {2011},
volume = {47},
number = {3},
pages = {479--490},
month = feb
}

@article{Eisenbrey:2015gk,
author = {Eisenbrey, John and Liu, Ji-bin and Sridharan, Anush and Forsberg, Flemming},
title = {{Contrast-Enhanced Subharmonic Imaging}},
journal = {Ultrasound in Medicine {\&} Biology},
year = {2015},
volume = {41},
number = {4},
pages = {S93},
month = apr
}

