%% Created using Papers on Fri, 28 Jul 2017.
%% http://papersapp.com/papers/

@article{Ribba:2011cl,
author = {Ribba, Benjamin and Watkin, Emmanuel and Tod, Michel and Girard, Pascal and Grenier, Emmanuel and You, Beno{\^\i}t and Giraudo, Enrico and Freyer, Gilles},
title = {{A model of vascular tumour growth in mice combining longitudinal tumour size data with histological biomarkers.}},
journal = {European journal of cancer (Oxford, England : 1990)},
year = {2011},
volume = {47},
number = {3},
pages = {479--490},
month = feb
}

@article{Yang:2007ki,
author = {Yang, Cheng and Karczmar, Gregory S and Medved, Milica and Stadler, Walter M},
title = {{Multiple reference tissue method for contrast agent arterial input function estimation.}},
journal = {Magnetic Resonance in Medicine},
year = {2007},
volume = {58},
number = {6},
pages = {1266--1275},
month = dec
}

