%% Created using Papers on Fri, 07 Jul 2017.
%% http://papersapp.com/papers/

@article{Gunn:2001cx,
author = {Gunn, R N and Gunn, S R and Cunningham, V J},
title = {{Positron emission tomography compartmental models.}},
journal = {Journal of Cerebral Blood Flow {\&} Metabolism},
year = {2001},
volume = {21},
number = {6},
pages = {635--652},
month = jun
}

@article{Doury:2017fz,
author = {Doury, Maxime and Dizeux, Alexandre and De Cesare, Alain and Lucidarme, Olivier and Pellot-Barakat, Claire and Bridal, S Lori and Frouin, Fr{\'e}d{\'e}rique},
title = {{Quantification of tumor perfusion using dynamic contrast-enhanced ultrasound: impact of mathematical modeling.}},
journal = {Physics in medicine and biology},
year = {2017},
volume = {62},
number = {3},
pages = {1113--1125},
month = feb
}

@article{Barrois:2013gw,
author = {Barrois, Guillaume and Coron, Alain and Payen, Thomas and Dizeux, Alexandre and Bridal, S Lori},
title = {{A multiplicative model for improving microvascular flow estimation in dynamic contrast-enhanced ultrasound (DCE-US): theory and experimental validation.}},
journal = {IEEE Transactions on Ultrasonics, Ferroelectrics and Frequency Control},
year = {2013},
volume = {60},
number = {11},
pages = {2284--2294},
month = nov
}

@article{Balvay:2005ca,
author = {Balvay, Daniel and Frouin, Fr{\'e}d{\'e}rique and Calmon, Guillaume and Bessoud, Bertrand and Kahn, Edmond and Siauve, Nathalie and Cl{\'e}ment, Olivier and Cuenod, Charles A},
title = {{New criteria for assessing fit quality in dynamic contrast-enhancedT1-weighted MRI for perfusion and permeability imaging}},
journal = {Magnetic Resonance in Medicine},
year = {2005},
volume = {54},
number = {4},
pages = {868--877}
}

@article{CardenasRodriguez:2013em,
author = {C{\'a}rdenas-Rodr{\'\i}guez, Julio and Howison, Christine M and Pagel, Mark D},
title = {{A linear algorithm of the reference region model for DCE-MRI is robust and relaxes requirements for temporal resolution}},
journal = {Magnetic resonance imaging},
year = {2013},
volume = {31},
number = {4},
pages = {497--507},
month = may
}

@article{Tofts:1999ih,
author = {Tofts, Paul S and Brix, Gunnar and Buckley, David L and Evelhoch, Jeffrey L and Henderson, Elizabeth and Knopp, Michael V and Larsson, Henrik B and Lee, Ting-Yim and Mayr, Nina A and Parker, Geoffrey J and Port, Ruediger E and Taylor, June and Weisskoff, Robert M},
title = {{Estimating kinetic parameters from dynamic contrast-enhanced T(1)-weighted MRI of a diffusable tracer: standardized quantities and symbols}},
journal = {Journal of Magnetic Resonance Imaging},
year = {1999},
volume = {10},
number = {3},
pages = {223--232}
}

@article{Logan:2001ip,
author = {Logan, J and Fowler, J S and Volkow, N D and Ding, Y S and Wang, G J and Alexoff, D L},
title = {{A strategy for removing the bias in the graphical analysis method.}},
journal = {Journal of Cerebral Blood Flow {\&} Metabolism},
year = {2001},
volume = {21},
number = {3},
pages = {307--320},
month = mar
}

@inproceedings{Doury:2016fi,
author = {Doury, Maxime and Dizeux, Alexandre and De Cesare, Alain and Lucidarme, Olivier and Bridal, S Lori and Frouin, Fr{\'e}d{\'e}rique},
title = {{Regularized linear resolution of a one-compartment model to improve the reproducibility of perfusion parameters in CEUS}},
booktitle = {2016 IEEE International Ultrasonics Symposium (IUS},
year = {2016},
pages = {1--4},
publisher = {IEEE}
}

@booklet{Bjorck:1996uz,
title = {{Numerical methods for least squares problems}},
author = {Bj{\"o}rck, {\AA}},
year = {1996}
}

@booklet{Whittaker:2008wv,
author = {Whittaker, E T and Robinson, G},
title = {{The calculus of observations a treatise on numerical mathematics}},
year = {2008}
}

