%% Created using Papers on Fri, 12 May 2017.
%% http://papersapp.com/papers/

@webpage{Anonymous:s2fWd6qA,
title = {{â€Žengineering.case.edu/centers/ccipd/sites/ccipd.case.edu/files/publications/Shoshana-PKModel.pdf}}
}

@article{Erlemann:1989ib,
author = {Erlemann, R and Reiser, M F and Peters, P E and Vasallo, P and Nommensen, B and Kusnierz-Glaz, C R and Ritter, J and Roessner, A},
title = {{Musculoskeletal neoplasms: static and dynamic Gd-DTPA--enhanced MR imaging.}},
journal = {Radiology},
year = {1989},
volume = {171},
number = {3},
pages = {767--773},
month = jun
}

@article{Krogias:2005hs,
author = {Krogias, Christos and Postert, Thomas and Meves, Saskia and Wilkening, Wilko and Przuntek, Horst and Eyding, Jens},
title = {{Semiquantitative analysis of ultrasonic cerebral perfusion imaging.}},
journal = {Ultrasound in Medicine {\&} Biology},
year = {2005},
volume = {31},
number = {8},
pages = {1007--1012},
month = aug
}

@article{Yang:2004ip,
author = {Yang, Cheng and Karczmar, Gregory S and Medved, Milica and Stadler, Walter M},
title = {{Estimating the arterial input function using two reference tissues in dynamic contrast-enhanced MRI studies: Fundamental concepts and simulations}},
journal = {Magnetic Resonance in Medicine},
year = {2004},
volume = {52},
number = {5},
pages = {1110--1117},
month = nov
}

@article{Zhang:1997bi,
author = {Zhang, M and Kono, M},
title = {{Solitary pulmonary nodules: evaluation of blood flow patterns with dynamic CT.}},
journal = {Radiology},
year = {1997},
volume = {205},
number = {2},
pages = {471--478},
month = nov
}

@article{Wei:1998jd,
author = {Wei, Kevin and Jayaweera, Ananda R and Firoozan, Soroosh and Linka, Andre and Skyba, Danny M and Kaul, Sanjiv},
title = {{Quantification of Myocardial Blood Flow With Ultrasound-Induced Destruction of Microbubbles Administered as a Constant Venous Infusion}},
journal = {Circulation},
year = {1998},
volume = {97},
number = {5},
pages = {473--483},
month = feb
}

@book{Tickner:1977td,
author = {Tickner, E Glenn},
title = {{Noninvasive assessment of pulmonary hypertension using the bubble ultrasonic resonance pressure (BURP) method}},
publisher = {Division of Lung Diseases, National Heart, Lung, and Blood Institute, National Institutes of Health},
year = {1977}
}

@article{Zierler:2000fg,
author = {Zierler, Kenneth},
title = {{Indicator Dilution Methods for Measuring Blood Flow, Volume, and Other Properties of Biological Systems: A Brief History and Memoir}},
journal = {Annals of Biomedical Engineering},
year = {2000},
volume = {28},
number = {8},
pages = {836--848}
}

@article{Tanter2008,
author = {Bercoff, Jeremy and Muller, Marie and Gennisson, Jean-Luc and Tanter, Micka{\"e}l and Deffieux, Thomas and Fink, Mathias and Athanasiou, Alexandra and Montaldo, Gabriel and Tardivon, Anne},
title = {{Quantitative assessment of breast lesion viscoelasticity: initial clinical results using supersonic shear imaging.}},
year = {2008},
volume = {34},
number = {9},
pages = {1373--1386},
month = sep
}

@article{Heymann:1977hj,
author = {Heymann, M A and Payne, B D and Hoffman, JIE},
title = {{Blood flow measurements with radionuclide-labeled particles}},
journal = {Progress in {\ldots}},
year = {1977},
volume = {20},
number = {1},
pages = {55--79}
}

@article{Band:1997ib,
author = {Band, D M and Linton, R A and O'Brien, T K and Jonas, M M and Linton, N W},
title = {{The shape of indicator dilution curves used for cardiac output measurement in man.}},
journal = {The Journal of Physiology},
year = {1997},
volume = {498},
number = {1},
pages = {225--229},
month = jan
}

@article{Schneider:2000wp,
author = {Schneider, M},
title = {{Design of an ultrasound contrast agent for myocardial perfusion.}},
journal = {Echocardiography (Mount Kisco, N.Y.)},
year = {2000},
volume = {17},
number = {6 Pt 2},
pages = {S11--6},
month = aug
}

@article{vanBuuren:2011ica,
author = {van Buuren, Stef and Groothuis-Oudshoorn, Karin},
title = {{mice: Multivariate Imputation by Chained Equations in R}},
journal = {Journal of Statistical Software},
year = {2011},
volume = {45},
number = {1},
pages = {1--67},
month = dec
}

@article{Rosen:1991wv,
author = {Rosen, B R and Belliveau, J W and Buchbinder, B R and McKinstry, R C and Porkka, L M and Kennedy, D N and Neuder, M S and Fisel, C R and Aronen, H J and Kwong, K K},
title = {{Contrast agents and cerebral hemodynamics.}},
journal = {Magnetic Resonance in Medicine},
year = {1991},
volume = {19},
number = {2},
pages = {285--292},
month = jun
}

@article{Arditi:2006ip,
author = {Arditi, Marcel and Frinking, Peter J A and Zhou, Xiang and Rognin, Nicolas G},
title = {{A new formalism for the quantification of tissue perfusion by the destruction-replenishment method in contrast ultrasound imaging}},
journal = {IEEE Transactions on Ultrasonics, Ferroelectrics and Frequency Control},
year = {2006},
volume = {53},
number = {6},
pages = {1118--1129},
month = jun
}

@article{Liu2006,
author = {Liu, Wu and Zagzebski, James A and Varghese, Tomy and Dyer, Charles R and Techavipoo, Udomchai and Hall, Timothy J},
title = {{Segmentation of elastographic images using a coarse-to-fine active contour model}},
journal = {Ultrasound in Medicine {\&} Biology},
year = {2006},
volume = {32},
number = {3},
pages = {397--408},
month = mar
}

@article{Silver:2016hl,
author = {Silver, David and Huang, Aja and Maddison, Chris J and Guez, Arthur and Sifre, Laurent and van den Driessche, George and Schrittwieser, Julian and Antonoglou, Ioannis and Panneershelvam, Veda and Lanctot, Marc and Dieleman, Sander and Grewe, Dominik and Nham, John and Kalchbrenner, Nal and Sutskever, Ilya and Lillicrap, Timothy and Leach, Madeleine and Kavukcuoglu, Koray and Graepel, Thore and Hassabis, Demis},
title = {{Mastering the game of Go with deep neural networks and tree search}},
journal = {Nature},
year = {2016},
volume = {529},
number = {7587},
pages = {484--489},
month = jan
}

@article{Payen:2013jc,
author = {Payen, Thomas and Coron, Alain and Lamuraglia, Michele and Le Guillou-Buffello, Delphine and Gaud, Emmanuel and Arditi, Marcel and Lucidarme, Olivier and Bridal, S Lori},
title = {{Echo-Power Estimation from Log-Compressed Video Data in Dynamic Contrast-Enhanced Ultrasound Imaging}},
journal = {Ultrasound in Medicine {\&} Biology},
year = {2013},
volume = {39},
number = {10},
pages = {1826--1837},
month = oct
}

@article{Hanahan:2000hx,
author = {Hanahan, Douglas and Weinberg, Robert A},
title = {{The Hallmarks of Cancer}},
journal = {Cell},
year = {2000},
volume = {100},
number = {1},
pages = {57--70},
month = jan
}

@article{Tiemann:1999vy,
author = {Tiemann, Klaus and Lohmeier, Stefan and Kuntz, Stefanie and K{\"o}ster, J{\"o}rg and Pohl, Christoph and Burns, Peter and R, Thomas and Nanda, Navin C and L{\"u}deritz, Berndt and Becher, Harald},
title = {{Real-Time Contrast Echo Assessment of Myocardial Perfusion at Low Emission Power: First Experimental and Clinical Results Using Power Pulse Inversion Imaging.}},
journal = {Echocardiography (Mount Kisco, N.Y.)},
year = {1999},
volume = {16},
number = {8},
pages = {799--809},
month = nov
}

@article{Heidenreich:1993ji,
author = {Heidenreich, P A and Wiencek, J G and Zaroff, J G and Aronson, S and Segil, L J and Harper, P V and Feinstein, S B},
title = {{In vitro calculation of flow by use of contrast ultrasonography.}},
journal = {Journal of the American Society of Echocardiography},
year = {1993},
volume = {6},
number = {1},
pages = {51--61},
month = jan
}

@incollection{Lassen:1979tm,
author = {Lassen, Niels A and {lassen} and Perl, William},
title = {{Convolution Analysis}},
booktitle = {Tracer kinetic methods in medical physiology},
year = {1979},
pages = {1--24}
}

@article{deJong:1993cr,
author = {de Jong, N and Hoff, L},
title = {{Ultrasound scattering properties of Albunex microspheres}},
journal = {Ultrasonics},
year = {1993},
volume = {31},
number = {3},
pages = {175--181}
}

@article{Strouthos:2010it,
author = {Strouthos, Costas and Lampaskis, Marios and Sboros, Vassilis and McNeilly, Alan and Averkiou, Michalakis},
title = {{Indicator dilution models for the quantification of microvascular blood flow with bolus administration of ultrasound contrast agents.}},
journal = {IEEE Transactions on Ultrasonics, Ferroelectrics and Frequency Control},
year = {2010},
volume = {57},
number = {6},
pages = {1296--1310},
month = jun
}

@incollection{Lassen:1979ta,
author = {Lassen, Niels A and Perl, William and {lassen}},
title = {{The Volume/Flow and Mass/Flux Ratio of an Open System (Mean Transit Time) I: Constant Infusion Techniques}},
booktitle = {Tracer kinetic methods in medical physiology},
year = {1979},
pages = {1--14}
}

@article{Meltzer:1980ul,
author = {Meltzer, R S and Tickner, E G and Sahines, T P and Popp, R L},
title = {{The source of ultrasound contrast effect.}},
journal = {Journal of clinical ultrasound : JCU},
year = {1980},
volume = {8},
number = {2},
pages = {121--127},
month = apr,
annote = {Formal proof that microbubbles yield ultrasound contrast. Reference [1-6] suggest it without actually proving it. 
Proof of concept for quantification of contrast using the A-Mode : the ratio of the echographic amplitude from posterior wall to its control value. This ratio was correlated to the density of microbubbles in an in vitro experiment using a latex heart and lung model.}
}

@article{Brix:2010da,
author = {Brix, Gunnar and Griebel, J{\"u}rgen and Kiessling, Fabian and Wenz, Frederik},
title = {{Tracer kinetic modelling of tumour angiogenesis based on dynamic contrast-enhanced CT and MRI measurements.}},
journal = {European journal of nuclear medicine and molecular imaging},
year = {2010},
volume = {37 Suppl 1},
pages = {S30--51},
month = aug
}

@article{Baur:1997ur,
author = {Baur, A and St{\"a}bler, A and Bartl, R and Lamerz, R and Scheidler, J and Reiser, M},
title = {{MRI gadolinium enhancement of bone marrow: age-related changes in normals and in diffuse neoplastic infiltration.}},
journal = {Skeletal radiology},
year = {1997},
volume = {26},
number = {7},
pages = {414--418},
month = jul
}

@article{TenCate:1987vw,
author = {Ten Cate, F J and Cornel, J H and Serruys, P W and Vletter, W B and Roelandt, J and Mittertreiner, W H},
title = {{Quantitative assessment of myocardial blood flow by contrast two-dimensional echocardiography: initial clinical observations.}},
journal = {American journal of physiologic imaging},
year = {1987},
volume = {2},
number = {2},
pages = {56--60},
annote = {First quantification attemps for contrast echocardiography in a clinical study : peak enhancement, area under the curve, curve duration, and half wash-out time were recorded. Coronary artery area stenosis was related to the area under the curve (exponential relation), to the half wash-out time (linear relation), and to the curve duration (inverse relation). The study was limited by image quality, the contrast-agent formula, injection variability, motion and low frame-rate for echo-cardiography (2Hz). 
cf. [4, 5] for preclinical studies}
}

@article{Sourbron:2007kk,
author = {Sourbron, S and Dujardin, M and Makkat, S and Luypaert, R},
title = {{Pixel-by-pixel deconvolution of bolus-tracking data: optimization and implementation.}},
journal = {Physics in medicine and biology},
year = {2007},
volume = {52},
number = {2},
pages = {429--447},
month = jan
}

@article{Wintermark:2006fz,
author = {Wintermark, M and Flanders, A E and Velthuis, B and Meuli, R and van Leeuwen, M and Goldsher, D and Pineda, C and Serena, J and Schaaf, I v d and Waaijer, A and Anderson, J and Nesbit, G and Gabriely, I and Medina, V and Quiles, A and Pohlman, S and Quist, M and Schnyder, P and Bogousslavsky, J and Dillon, W P and Pedraza, S},
title = {{Perfusion-CT Assessment of Infarct Core and Penumbra: Receiver Operating Characteristic Curve Analysis in 130 Patients Suspected of Acute Hemispheric Stroke}},
journal = {Stroke},
year = {2006},
volume = {37},
number = {4},
pages = {979--985},
month = mar
}

@article{Mendichovszky:2009fe,
author = {Mendichovszky, I A and Cutajar, M and Gordon, I},
title = {{Reproducibility of the aortic input function (AIF) derived from dynamic contrast-enhanced magnetic resonance imaging (DCE-MRI) of the kidneys in a volunteer study.}},
journal = {European journal of radiology},
year = {2009},
volume = {71},
number = {3},
pages = {576--581},
month = sep
}

@article{Wijns:1985wz,
author = {Wijns, W and Serruys, P W and Reiber, J H and van den Brand, M and Simoons, M L and Kooijman, C J and Balakumaran, K and Hugenholtz, P G},
title = {{Quantitative angiography of the left anterior descending coronary artery: correlations with pressure gradient and results of exercise thallium scintigraphy.}},
journal = {Circulation},
year = {1985},
volume = {71},
number = {2},
pages = {273--279},
month = feb
}

@article{Sawada:1995uj,
author = {Sawada, S and Muzik, O and Beanlands, R S and Wolfe, E and Hutchins, G D and Schwaiger, M},
title = {{Interobserver and interstudy variability of myocardial blood flow and flow-reserve measurements with nitrogen 13 ammonia-labeled positron emission tomography.}},
journal = {Journal of nuclear cardiology : official publication of the American Society of Nuclear Cardiology},
year = {1995},
volume = {2},
number = {5},
pages = {413--422},
month = sep
}

@article{Hudson:2015ep,
author = {Hudson, John M and Williams, Ross and Tremblay-Darveau, Charles and Sheeran, Paul S and Milot, Laurent and Bjarnason, Georg A and Burns, Peter N},
title = {{Dynamic contrast enhanced ultrasound for therapy monitoring}},
journal = {European journal of radiology},
year = {2015},
volume = {84},
number = {9},
pages = {1650--1657},
month = sep
}

@incollection{Lassen:1979wl,
author = {Lassen, Niels A and {lassen} and Perl, William},
title = {{Flow or Flux by Bolus Injection: Inlet Mixing (The Bergner Principle)}},
booktitle = {Tracer kinetic methods in medical physiology},
year = {1979},
pages = {1--12}
}

@article{Tofts:1999ih,
author = {Tofts, Paul S and Brix, Gunnar and Buckley, David L and Evelhoch, Jeffrey L and Henderson, Elizabeth and Knopp, Michael V and Larsson, Henrik B and Lee, Ting-Yim and Mayr, Nina A and Parker, Geoffrey J and Port, Ruediger E and Taylor, June and Weisskoff, Robert M},
title = {{Estimating kinetic parameters from dynamic contrast-enhanced T(1)-weighted MRI of a diffusable tracer: standardized quantities and symbols}},
journal = {Journal of Magnetic Resonance Imaging},
year = {1999},
volume = {10},
number = {3},
pages = {223--232}
}

@article{Wise:1966wy,
author = {Wise, M E},
title = {{Tracer dilution curves in cardiology and random walk and lognormal distributions.}},
journal = {Acta physiologica et pharmacologica Neerlandica},
year = {1966},
volume = {14},
number = {2},
pages = {175--204}
}

@article{Tsushima:1999vc,
author = {Tsushima, Yoshito and Blomley, Martin J K and Kusano, Shoichi and Endo, Keigo},
title = {{The Portal Component of Hepatic Perfusion Measured by Dynamic CT (An Indicator of Hepatic Parenchymal Damage)}},
journal = {Digestive Diseases and Sciences},
year = {1999},
volume = {44},
number = {8},
pages = {1632--1638}
}

@article{Reeve:1974vh,
author = {Reeve, J and Crawley, J C},
title = {{Quantitative radioisotope renography: the derivation of physiological data by deconvolution analysis using a single-injection technique.}},
journal = {Clinical science and molecular medicine},
year = {1974},
volume = {47},
number = {4},
pages = {317--330},
month = oct
}

@article{El-Berbari2009,
author = {El-Berbari, Racha and Kachenoura, Nadjia and Redheuil, Alban and Giron, Alain and Mousseaux, Elie and Herment, Alain and Bloch, Isabelle and Frouin, Fr{\'e}d{\'e}rique},
title = {{Automated estimation of regional mean transition times and radial velocities from cine magnetic resonance images: evaluation in normal subjects.}},
journal = {Journal of Magnetic Resonance Imaging},
year = {2009},
volume = {30},
number = {1},
pages = {236--242},
month = jul
}

@article{Mriouah2012,
author = {Mriouah, Jihane and Boura, C{\'e}dric and Thomassin, Magalie and Bastogne, Thierry and Dumas, Dominique and Faivre, B{\'e}atrice and Barberi-Heyob, Muriel},
title = {{Tumor vascular responses to antivascular and antiangiogenic strategies: looking for suitable models.}},
journal = {Trends in Biotechnology},
year = {2012},
volume = {30},
number = {12},
pages = {649--658},
month = dec
}

@article{Lester1999,
author = {Lester, Hava and Arridge, Simon R},
title = {{A survey of hierarchical non-linear medical image registration}},
journal = {Pattern Recognition},
year = {1999},
volume = {32},
number = {1},
pages = {129--149},
month = jan
}

@incollection{Baert:2008jm,
title = {{Contrast Microbubbles}},
booktitle = {Encyclopedia of Diagnostic Imaging},
year = {2008},
editor = {Baert, Albert L},
pages = {556--556},
publisher = {Springer Berlin Heidelberg},
address = {Berlin, Heidelberg}
}

@article{Mannaris:2013dw,
author = {Mannaris, Christophoros and Efthymiou, Eleni and Meyre, Marie-Edith and Averkiou, Michalakis A},
title = {{In vitro localized release of thermosensitive liposomes with ultrasound-induced hyperthermia.}},
journal = {Ultrasound in Medicine {\&} Biology},
year = {2013},
volume = {39},
number = {11},
pages = {2011--2020},
month = nov
}

@article{Eastwood:2002hx,
author = {Eastwood, James D and Lev, Michael H and Azhari, Tarek and Lee, Ting-Yim and Barboriak, Daniel P and Delong, David M and Fitzek, Clemens and Herzau, Michael and Wintermark, Max and Meuli, Reto and Brazier, David and Provenzale, James M},
title = {{CT perfusion scanning with deconvolution analysis: pilot study in patients with acute middle cerebral artery stroke.}},
journal = {Radiology},
year = {2002},
volume = {222},
number = {1},
pages = {227--236},
month = jan
}

@article{Muller2009,
author = {Muller, Marie and Gennisson, Jean-Luc and Deffieux, Thomas and Tanter, Micka{\"e}l and Fink, Mathias},
title = {{Quantitative viscoelasticity mapping of human liver using supersonic shear imaging: preliminary in vivo feasibility study.}},
journal = {Ultrasound in Medicine {\&} Biology},
year = {2009},
volume = {35},
number = {2},
pages = {219--229},
month = feb
}

@article{Weissman:2000io,
author = {Weissman, N J and Cohen, M C and Hack, T C and Gillam, L D},
title = {{Infusion versus bolus contrast echocardiography: a multicenter, open-label, crossover trial}},
journal = {American heart {\ldots}},
year = {2000},
volume = {139},
number = {3},
pages = {399--404}
}

@article{Maseri:1970gn,
author = {Maseri, A and Caldini, P and Permutt, S and Zierler, K L},
title = {{Frequency Function of Transit Times through Dog Pulmonary Circulation}},
journal = {Circulation research},
year = {1970},
volume = {26},
number = {5},
pages = {527--543}
}

@article{Xu2000,
author = {Xu, C and Prince, J L},
title = {{Gradient vector flow deformable models}},
journal = {Handbook of Medical Imaging},
year = {2000},
number = {September}
}

@article{Sourbron:2007es,
author = {Sourbron, S and Luypaert, R and Morhard, D and Seelos, K and Reiser, M and Peller, M},
title = {{Deconvolution of bolus-tracking data: a comparison of discretization methods.}},
journal = {Physics in medicine and biology},
year = {2007},
volume = {52},
number = {22},
pages = {6761--6778},
month = nov
}

@article{Feinstein:1984gk,
author = {Feinstein, S B and Ten Cate, F J and Zwehl, W and Ong, K and Maurer, G and Tei, C and Shah, P M and Meerbaum, S and Corday, E},
title = {{Two-dimensional contrast echocardiography. I. In vitro development and quantitative analysis of echo contrast agents.}},
journal = {Journal of the American College of Cardiology},
year = {1984},
volume = {3},
number = {1},
pages = {14--20},
month = jan
}

@booklet{Vierordt:82xUDMVI,
title = {{Die Erscheinungen und Gesetze der Stromgeschwindigkeiten des Blutes: Nach Versuchen}},
author = {Vierordt, C},
year = {1858}
}

@article{Patlak:1985bc,
author = {Patlak, C S and Blasberg, R G},
title = {{Graphical evaluation of blood-to-brain transfer constants from multiple-time uptake data. Generalizations.}},
journal = {Journal of Cerebral Blood Flow {\&} Metabolism},
year = {1985},
volume = {5},
number = {4},
pages = {584--590},
month = dec
}

@article{Jirik:2013cl,
author = {Jirik, Radovan and Nylund, Kim and Gilja, Odd Helge and Mezl, Martin and Harabis, Vratislav and Kolar, Radim and Standara, Michal and Taxt, Torfinn},
title = {{Ultrasound perfusion analysis combining bolus-tracking and burst-replenishment}},
journal = {IEEE Transactions on Ultrasonics, Ferroelectrics and Frequency Control},
year = {2013},
volume = {60},
number = {2},
pages = {310--319}
}

@article{Doury:2016wn,
author = {Doury, M and Dizeux, A and De Cesare, Alain},
title = {{Quantification of tumor perfusion using DCE-US: impact of mathematical modeling}},
journal = {Physics in Medicine {\ldots}},
year = {2016}
}

@article{Butler:1979wu,
author = {Butler, B D and Hills, B A},
title = {{The lung as a filter for microbubbles.}},
journal = {Journal of applied physiology: respiratory, environmental and exercise physiology},
year = {1979},
volume = {47},
number = {3},
pages = {537--543},
month = sep
}

@article{Yankeelov:2015bc,
author = {Yankeelov, Thomas E and Quaranta, Vito and Evans, Katherine J and Rericha, Erin C},
title = {{Toward a science of tumor forecasting for clinical oncology.}},
journal = {Cancer research},
year = {2015},
volume = {75},
number = {6},
pages = {918--923},
month = mar
}

@article{Yankeelov:2006ug,
author = {Yankeelov, Thomas E and Niermann, Kenneth J and Huamani, Jessica and Kim, Dong W and Quarles, Christopher C and Fleischer, Arthur C and Hallahan, Dennis E and Price, Ronald R and Gore, John C},
title = {{Correlation between estimates of tumor perfusion from microbubble contrast-enhanced sonography and dynamic contrast-enhanced magnetic resonance imaging.}},
journal = {Journal of ultrasound in medicine : official journal of the American Institute of Ultrasound in Medicine},
year = {2006},
volume = {25},
number = {4},
pages = {487--497},
month = apr
}

@article{Koenig:1998ir,
author = {Koenig, M and Klotz, E and Luka, B and Venderink, D J and Spittler, J F and Heuser, L},
title = {{Perfusion CT of the brain: diagnostic approach for early detection of ischemic stroke.}},
journal = {Radiology},
year = {1998},
volume = {209},
number = {1},
pages = {85--93},
month = oct
}

@incollection{Lassen:1979vj,
author = {Lassen, Niels A and {lassen} and Perl, William},
title = {{Volume/Flow or Mass/Flux Ratio (Mean Transit Time): Bolus Injection}},
booktitle = {Tracer kinetic methods in medical physiology},
year = {1979},
pages = {1--26}
}

@article{Keijer:1995tg,
author = {Keijer, J T and van Rossum, A C and van Eenige, M J and Karreman, A J and Hofman, M B and Valk, J and Visser, C A},
title = {{Semiquantitation of regional myocardial blood flow in normal human subjects by first-pass magnetic resonance imaging.}},
journal = {American heart {\ldots}},
year = {1995},
volume = {130},
number = {4},
pages = {893--901},
month = oct
}

@article{Miles:2003cm,
author = {Miles, K A},
title = {{Perfusion CT for the assessment of tumour vascularity: which protocol?}},
journal = {The British journal of radiology},
year = {2003},
volume = {76 Spec No 1},
pages = {S36--42}
}

@article{Rubeaux2011,
author = {Rubeaux, Mathieu},
title = {{Approximation de l'Information Mutuelle bas{\'e}e sur le d{\'e}veloppement d'Edgeworth : application au recalage d'images m{\'e}dicales.}},
year = {2011},
month = jul
}

@article{Donoho:2006ci,
author = {Donoho, D L},
title = {{Compressed sensing}},
journal = {IEEE Transactions on Information Theory},
year = {2006},
volume = {52},
number = {4},
pages = {1289--1306}
}

@article{Sebag2010,
author = {Sebag, F and Vaillant-Lombard, J and Berbis, J and Griset, V and Henry, J F and Petit, P and Oliver, C},
title = {{Shear wave elastography: a new ultrasound imaging mode for the differential diagnosis of benign and malignant thyroid nodules.}},
journal = {The Journal of Clinical Endocrinology {\&} Metabolism},
year = {2010},
volume = {95},
number = {12},
pages = {5281--5288},
month = dec
}

@article{Yeung:1992df,
author = {Yeung, W T and Lee, T Y and Del Maestro, R F and Kozak, R and Bennett, J D and Brown, T},
title = {{An absorptiometry method for the determination of arterial blood concentration of injected iodinated contrast agent.}},
journal = {Physics in medicine and biology},
year = {1992},
volume = {37},
number = {9},
pages = {1741--1758},
month = sep
}

@article{Lassau:2014hz,
author = {Lassau, Nathalie and Bonastre, Julia and Kind, Mich{\`e}le and Vilgrain, Val{\'e}rie and Lacroix, Jo{\"e}lle and Cuinet, Marie and Taieb, Sophie and Aziza, Richard and Sarran, Antony and Labbe-Devilliers, Catherine and Gallix, Benoit and Lucidarme, Olivier and Ptak, Yvette and Rocher, Laurence and Caquot, Louis-Michel and Chagnon, Sophie and Marion, Denis and Luciani, Alain and Feutray, Sylvaine and Uzan-Augui, Jo{\"e}lle and Coiffier, Benedicte and Benastou, Baya and Koscielny, Serge},
title = {{Validation of Dynamic Contrast-Enhanced Ultrasound in Predicting Outcomes of Antiangiogenic Therapy for Solid Tumors: The French Multicenter Support for Innovative and Expensive Techniques Study}},
journal = {Investigative Radiology},
year = {2014},
volume = {49},
number = {12},
pages = {794--800},
month = dec
}

@article{Davenport:1983wc,
author = {Davenport, R},
title = {{The derivation of the gamma-variate relationship for tracer dilution curves.}},
journal = {Journal of nuclear medicine : official publication, Society of Nuclear Medicine},
year = {1983},
volume = {24},
number = {10},
pages = {945--948},
month = oct
}

@article{Rosen:1990hz,
author = {Rosen, Bruce R and Belliveau, John W and Vevea, James M and Brady, Thomas J},
title = {{Perfusion imaging with NMR contrast agents}},
journal = {Magnetic Resonance in Medicine},
year = {1990},
volume = {14},
number = {2},
pages = {249--265},
month = may
}

@article{Lassen:1984kp,
author = {Lassen, N A},
title = {{Cerebral transit of an intravascular tracer may allow measurement of regional blood volume but not regional blood flow.}},
journal = {Journal of Cerebral Blood Flow {\&} Metabolism},
year = {1984},
volume = {4},
number = {4},
pages = {633--634},
month = dec
}

@article{Lee2013,
author = {Lee, Su Hyun and Chang, Jung Min and Kim, Won Hwa and Bae, Min Sun and Cho, Nariya and Yi, Ann and Koo, Hye Ryoung and Kim, Seung Ja and Kim, Jin You and Moon, Woo Kyung},
title = {{Differentiation of benign from malignant solid breast masses: comparison of two-dimensional and three-dimensional shear-wave elastography.}},
journal = {European Radiology},
year = {2013},
volume = {23},
number = {4},
pages = {1015--1026},
month = apr
}

@article{Betrouni2004,
author = {Betrouni, N and Vermandel, M and Pasquier, D and Palos, G and Maouche, S and Rousseau, J},
title = {{Segmentation automatique d{\textquoteright}{\'e}chographies trans-abdominales de prostate pour le recalage d'images}},
journal = {Itbm-Rbm},
year = {2004},
volume = {25},
number = {6},
pages = {305--312}
}

@article{Simpson:1999dv,
author = {Simpson, D H and Chin, C T and Burns, P N},
title = {{Pulse inversion Doppler: a new method for detecting nonlinear echoes from microbubble contrast agents.}},
journal = {IEEE Transactions on Ultrasonics, Ferroelectrics and Frequency Control},
year = {1999},
volume = {46},
number = {2},
pages = {372--382}
}

@article{Yang:2009iu,
author = {Yang, Cheng and Karczmar, Gregory S and Medved, Milica and Oto, Aytekin and Zamora, Marta and Stadler, Walter M},
title = {{Reproducibility assessment of a multiple reference tissue method for quantitative dynamic contrast enhanced-MRI analysis.}},
journal = {Magnetic Resonance in Medicine},
year = {2009},
volume = {61},
number = {4},
pages = {851--859},
month = apr
}

@inproceedings{Dizeux2012,
author = {Dizeux, Alexandre and Payen, Thomas and Lechuga, Gisela and Bridal, S Lori},
title = {{Implementation of a controlled injection system for dynamic contrast-enhanced ultrasonography}},
booktitle = {2012 IEEE International Ultrasonics Symposium},
year = {2012},
pages = {1--4},
publisher = {IEEE}
}

@article{Zitova2003,
author = {Zitov{\'a}, Barbara and Flusser, Jan},
title = {{Image registration methods: a survey}},
journal = {Image and Vision Computing},
year = {2003},
volume = {21},
number = {11},
pages = {977--1000},
month = oct
}

@article{Shoukri:2008db,
author = {Shoukri, Mohamed M and Colak, Dilek and Kaya, Namik and Donner, Allan},
title = {{Comparison of two dependent within subject coefficients of variation to evaluate the reproducibility of measurement devices.}},
journal = {BMC medical research methodology},
year = {2008},
volume = {8},
pages = {24}
}

@article{Anonymous:2013ew,
title = {{Iterative multiple reference tissue method for estimating pharmacokinetic parameters on prostate DCE MRI}},
year = {2013}
}

@article{Meltzer:1980js,
author = {Meltzer, Richard S and Tickner, E Glen and Popp, Richard L},
title = {{Why do the lungs clear ultrasonic contrast?}},
journal = {Ultrasound in Medicine {\&} Biology},
year = {1980},
volume = {6},
number = {3},
pages = {267--269},
month = jan
}

@article{Fleming:1974id,
author = {Fleming, J S and Goddard, B A},
title = {{A technique for the deconvolution of the renogram.}},
journal = {Physics in medicine and biology},
year = {1974},
volume = {19},
number = {4},
pages = {546--549},
month = jul
}

@article{Eyding:2003bo,
author = {Eyding, Jens and Krogias, Christos and Wilkening, Wilko and Meves, Saskia and Ermert, Helmut and Postert, Thomas},
title = {{Parameters of cerebral perfusion in phase-inversion harmonic imaging (PIHI) ultrasound examinations.}},
journal = {Ultrasound in Medicine {\&} Biology},
year = {2003},
volume = {29},
number = {10},
pages = {1379--1385},
month = oct
}

@article{Fluckiger:2009kf,
author = {Fluckiger, Jacob U and Schabel, Matthias C and DiBella, Edward V R},
title = {{Model-based blind estimation of kinetic parameters in dynamic contrast enhanced (DCE)-MRI}},
journal = {Magnetic Resonance in Medicine},
year = {2009},
volume = {62},
number = {6},
pages = {1477--1486},
month = dec
}

@article{Barrois2014,
author = {Barrois, Guillaume and Coron, Alain and Bridal, S Lori},
title = {{Simulation of dynamic contrast-enhanced ultrasound sequences using example-based texture generation}},
journal = {IRBM},
year = {2014},
volume = {35},
number = {5},
pages = {233--243}
}

@article{Hutchins:1990il,
author = {Hutchins, Gary D and Schwaiger, Markus and Rosenspire, Karen C and Krivokapich, Janine and Schelbert, Heinrich and Kuhl, David E},
title = {{Noninvasive quantification of regional blood flow in the human heart using N-13 ammonia and dynamic positron emission tomographic imaging}},
journal = {Journal of the American College of Cardiology},
year = {1990},
volume = {15},
number = {5},
pages = {1032--1042},
month = apr
}

@book{Anonymous:1982wg,
title = {{Contrast Echocardiography}},
publisher = {Springer Netherlands},
year = {1982},
address = {Dordrecht}
}

@article{Lee:2010fr,
author = {Lee, Joonsang},
title = {{Quantification of DCE-MRI: pharmacokinetic parameter ratio between TOI and RR in reference region model.}},
journal = {Conference proceedings : ... Annual International Conference of the IEEE Engineering in Medicine and Biology Society. IEEE Engineering in Medicine and Biology Society. Annual Conference},
year = {2010},
volume = {2010},
pages = {2837--2840}
}

@article{Axel:1982wu,
author = {Axel, L},
title = {{Tissue mean transit time from dynamic computed tomography by a simple deconvolution technique.}},
journal = {Investigative Radiology},
year = {1982},
volume = {18},
number = {1},
pages = {94--99},
month = dec
}

@article{Short:1973ip,
author = {Short, M D and Glass, H I and Chisholm, G D and Vernon, P and Silvester, D J},
title = {{Gamma-camera renography using 123I-hippuran.}},
journal = {The British journal of radiology},
year = {1973},
volume = {46},
number = {544},
pages = {289--294},
month = apr
}

@article{Conrath2012,
author = {Conrath, Juliette},
title = {{Recalage d{\textquoteright}images {\'e}chographiques par apprentissage pour l{\textquoteright}{\'e}chographie 3D main libre sans capteur de position}},
year = {2012},
month = aug
}

@article{Yang:2007ki,
author = {Yang, Cheng and Karczmar, Gregory S and Medved, Milica and Stadler, Walter M},
title = {{Multiple reference tissue method for contrast agent arterial input function estimation.}},
journal = {Magnetic Resonance in Medicine},
year = {2007},
volume = {58},
number = {6},
pages = {1266--1275},
month = dec
}

@article{Bommer:1978eu,
author = {Bommer, William and Neef, James and Neumann, Alexander and Weinert, Lynn and Lee, Garrett and Mason, Dean T and DeMaria, Anthony N},
title = {{Indicator-dilution curves obtained by photometric analysis of two-dimension echo-contrast studies}},
journal = {American Journal of Cardiology},
year = {1978},
volume = {41},
number = {2},
pages = {370},
month = feb
}

@article{Bergmann:1989du,
author = {Bergmann, Steven R and Herrero, Pilar and Markham, Joanne and Weinheimer, Carla J and Walsh, Mary Norine},
title = {{Noninvasive quantitation of myocardial blood flow in human subjects with oxygen-15-labeled water and positron emission tomography}},
journal = {Journal of the American College of Cardiology},
year = {1989},
volume = {14},
number = {3},
pages = {639--652},
month = sep
}

@article{Linton:1995ij,
author = {Linton, R A F and Linton, N W F and Band, D M},
title = {{A new method of analysing indicator dilution curves}},
journal = {Cardiovascular research},
year = {1995},
volume = {30},
number = {6},
pages = {930--938},
month = dec
}

@article{Youk2013,
author = {Youk, Ji Hyun and Gweon, Hye Mi and Son, Eun Ju and Chung, Jin and Kim, Jeong-Ah and Kim, Eun-Kyung},
title = {{Three-dimensional shear-wave elastography for differentiating benign and malignant breast lesions: comparison with two-dimensional shear-wave elastography.}},
journal = {European Radiology},
year = {2013},
volume = {23},
number = {6},
pages = {1519--1527},
month = jun
}

@article{Simpson:1997jn,
author = {Simpson, D H and Burns, P N},
title = {{Pulse inversion Doppler: a new method for detecting nonlinear echoes from microbubble contrast agents}},
journal = {Ultrasonics Symposium},
year = {1997}
}

@article{Fuerst2014a,
author = {Fuerst, Bernhard and Wein, Wolfgang and M{\"u}ller, Markus and Navab, Nassir},
title = {{Automatic ultrasound-MRI registration for neurosurgery using the 2D and 3D LC(2) Metric.}},
journal = {Medical Image Analysis},
year = {2014},
volume = {18},
number = {8},
pages = {1312--1319},
month = dec
}

@article{Benzekry:2015cn,
author = {Benzekry, S{\'e}bastien and Tracz, Amanda and Mastri, Michalis and Corbelli, Ryan and Barbolosi, Dominique and Ebos, John M L},
title = {{Modeling Spontaneous Metastasis following Surgery: An In Vivo-In Silico Approach.}},
journal = {Cancer research},
year = {2015},
month = oct
}

@article{Bogaard:1986wp,
author = {Bogaard, J M and Jansen, J R and von Reth, E A and Versprille, A and Wise, M E},
title = {{Random walk type models for indicator-dilution studies: comparison of a local density random walk and a first passage times distribution.}},
journal = {Cardiovascular research},
year = {1986},
volume = {20},
number = {11},
pages = {789--796},
month = nov
}

@article{Teng:2013fe,
author = {Teng, Fei-Fei and Meng, Xue and Sun, Xin-Dong and Yu, Jin-Ming},
title = {{New strategy for monitoring targeted therapy: molecular imaging}},
journal = {International Journal of Nanomedicine},
year = {2013},
volume = {8},
pages = {3703--3713}
}

@article{Knopp:1976uc,
author = {Knopp, T J and Dobbs, W A and Greenleaf, J F and Bassingthwaighte, J B},
title = {{Transcoronary intravascular transport functions obtained via a stable deconvolution technique.}},
journal = {Annals of Biomedical Engineering},
year = {1976},
volume = {4},
number = {1},
pages = {44--59},
month = mar
}

@article{Boumahdi:2016ke,
author = {Boumahdi, Soufiane and Blanpain, C{\'e}dric},
title = {{Tracking the origins of tumorigenesis}},
journal = {Science},
year = {2016},
volume = {351},
number = {6272},
pages = {453--454},
month = jan
}

@book{Volkmann:1850us,
author = {Volkmann, A W},
title = {{Die H{\"a}modynamik}},
year = {1850}
}

@article{Cumming2007,
author = {Cumming, Geoff and Fidler, Fiona and Vaux, David L},
title = {{Error bars in experimental biology.}},
journal = {The Journal of cell biology},
year = {2007},
volume = {177},
number = {1},
pages = {7--11}
}

@article{Greis:2011hc,
author = {Greis, Christian},
title = {{Quantitative evaluation of microvascular blood flow by contrast-enhanced ultrasound (CEUS).}},
journal = {Clinical hemorheology and microcirculation},
year = {2011},
volume = {49},
number = {1-4},
pages = {137--149}
}

@article{Felix:1985fv,
author = {Felix, R and Sch{\"o}rner, W and Laniado, M and Niendorf, H P and Claussen, C and Fiegler, W and Speck, U},
title = {{Brain tumors: MR imaging with gadolinium-DTPA.}},
journal = {Radiology},
year = {1985},
volume = {156},
number = {3},
pages = {681--688},
month = sep
}

@article{OConnor:2007ku,
author = {O'Connor, J P B and Jackson, A and Parker, G J M and Jayson, G C},
title = {{DCE-MRI biomarkers in the clinical evaluation of antiangiogenic and vascular disrupting agents}},
journal = {British Journal of Cancer},
year = {2007},
volume = {96},
number = {2},
pages = {189--195},
month = jan
}

@book{Anonymous:9vPFCkCN,
title = {{Encyclopedia of Diagnostic Imaging}}
}

@article{Constantinides2012,
author = {Constantinid{\`e}s, Constantin and Roullot, Elodie and Lefort, Muriel and Frouin, Fr{\'e}d{\'e}rique},
title = {{Fully automated segmentation of the left ventricle applied to cine MR images: description and results on a database of 45 subjects.}},
journal = {34th Annual International Conference of the IEEE Engineering in Medicine and Biology Society. IEEE Engineering in Medicine and Biology Society. Conference},
year = {2012},
volume = {2012},
pages = {3207--3210}
}

@article{Reuter:2010io,
author = {Reuter, Daniel A and Huang, Cecil and Edrich, Thomas and Shernan, Stanton K and Eltzschig, Holger K},
title = {{Cardiac Output Monitoring Using Indicator-Dilution Techniques: Basics, Limits, and Perspectives}},
journal = {Anesthesia {\&} {\ldots}},
year = {2010},
volume = {110},
number = {3},
pages = {799--811},
month = mar
}

@article{Bassingthwaighte:1966jn,
author = {Bassingthwaighte, J B},
title = {{Plasma indicator dispersion in arteries of the human leg}},
journal = {Circulation research},
year = {1966},
volume = {19},
number = {2},
pages = {332--346}
}

@proceedings{Daoud2012,
title = {{Accurate Segmentation of Breast Tumors in Ultrasound Images Using a Custom-Made Active Contour Model and Signal-to-Noise Ratio Variations}},
year = {2012},
publisher = {IEEE}
}

@article{Mule:2008ek,
author = {Mul{\'e}, S{\'e}bastien and De Cesare, Alain and Lucidarme, Olivier and Frouin, Fr{\'e}d{\'e}rique and Herment, Alain},
title = {{Regularized estimation of contrast agent attenuation to improve the imaging of microbubbles in small animal studies.}},
journal = {Ultrasound in Medicine {\&} Biology},
year = {2008},
volume = {34},
number = {6},
pages = {938--948},
month = jun
}

@inproceedings{Yankeelov:2005wv,
author = {Yankeelov, Thomas E and DeBusk, L M and Luci, J J and Lin, P C},
title = {{Reproducibility of the reference region method for the analysis of DCE-MRI data}},
booktitle = {Proceedings of the {\ldots}},
year = {2005}
}

@article{1994PMB....39.1833G,
author = {Gobbel, G T and Fike, J R},
title = {{A deconvolution method for evaluating indicator-dilution curves}},
journal = {Physics in medicine and biology},
year = {1994},
volume = {39},
number = {1},
pages = {1833--1854},
month = nov
}

@article{Diffey:1976bf,
author = {Diffey, B L and Corfield, J R},
title = {{Data-bounding technique in discrete deconvolution}},
journal = {Medical {\&} biological engineering},
year = {1976},
volume = {14},
number = {4},
pages = {478--478}
}

@patent{Elie2014,
title = {{Method and system for quantification of tumoral vascularization}},
author = {Elie, N and Lassau, N and Peronneau, P and Rouffiac, V},
howpublished = {US Patent Office},
number = {US 12/520,519},
month = sep,
year = {2014},
annote = {US Patent 8,847,960}
}

@article{Gauthier:2012vc,
author = {Gauthier, Marianne and Tabarout, Farid and Leguerney, Ingrid and Polrot, M{\'e}lanie and Pitre, St{\'e}phanie and Peronneau, Pierre and Lassau, Nathalie},
title = {{Assessment of quantitative perfusion parameters by dynamic contrast-enhanced sonography using a deconvolution method: an in vitro and in vivo study.}},
journal = {Journal of ultrasound in medicine : official journal of the American Institute of Ultrasound in Medicine},
year = {2012},
volume = {31},
number = {4},
pages = {595--608},
month = apr
}

@article{Coulam:1966un,
author = {Coulam, C M and Warner, H R and Wood, E H and Bassingthwaighte, J B},
title = {{A transfer function analysis of coronary and renal circulation calculated from upstream and downstream indicator-dilution curves.}},
journal = {Circulation research},
year = {1966},
volume = {19},
number = {5},
pages = {879--890},
month = nov
}

@article{Kogan:2011dw,
author = {Kogan, Paul and Johnson, Kennita A and Feingold, Steven and Garrett, Nicholas and Guracar, Ismayil and Arendshorst, William J and Dayton, Paul A},
title = {{Validation of Dynamic Contrast-Enhanced Ultrasound in Rodent Kidneys as an Absolute Quantitative Method for Measuring Blood Perfusion}},
journal = {Ultrasound in Medicine {\&} Biology},
year = {2011},
volume = {37},
number = {6},
pages = {900--908},
month = jun
}

@article{Vonken:1999ut,
author = {Vonken, E P and Beekman, F J and Bakker, C J and Viergever, Max a},
title = {{Maximum likelihood estimation of cerebral blood flow in dynamic susceptibility contrast MRI.}},
journal = {Magnetic Resonance in Medicine},
year = {1999},
volume = {41},
number = {2},
pages = {343--350},
month = feb
}

@article{Barrois2013,
author = {Barrois, Guillaume and Coron, Alain and Payen, Thomas and Dizeux, Alexandre and Bridal, S Lori},
title = {{A Multiplicative Model for Improving Microvascular Flow Estimation in Dynamic Theory and Experimental Validation}},
journal = {IEEE Transactions on Ultrasonics, Ferroelectrics and Frequency Control},
year = {2013},
volume = {60},
number = {11},
pages = {2284--2294}
}

@article{Revel:1986ix,
author = {Revel, D and Brasch, R C and Paajanen, H and Rosenau, W and Grodd, W and Engelstad, B and Fox, P and Winkelhake, J},
title = {{Gd-DTPA contrast enhancement and tissue differentiation in MR imaging of experimental breast carcinoma.}},
journal = {Radiology},
year = {1986},
volume = {158},
number = {2},
pages = {319--323},
month = feb
}

@incollection{Lassen:1979vy,
author = {Lassen, Niels A and Perl, William and {lassen}},
title = {{Compartmental Analysis}},
booktitle = {Tracer kinetic methods in medical physiology},
year = {1979},
pages = {1--19}
}

@book{Wray:1992wa,
author = {Wray, R A and Zoghbi, W A and Quinones, M A and Cheirif, J},
title = {{Contrast echocardiography: relation of acoustic power and time gain compensation to contrast intensity duration}},
publisher = {J Am Soc Echocardiogr},
year = {1992}
}

@article{Gauthier:2012dca,
author = {Gauthier, Marianne and Pitre-Champagnat, St{\'e}phanie and Tabarout, Farid and Leguerney, Ingrid and Polrot, M{\'e}lanie and Lassau, Nathalie},
title = {{Impact of the arterial input function on microvascularization parameter measurements using dynamic contrast-enhanced ultrasonography.}},
journal = {World journal of radiology},
year = {2012},
volume = {4},
number = {7},
pages = {291--301},
month = jul
}

@article{Wedam:2006bi,
author = {Wedam, Suparna Bonthala and Low, Jennifer A and Yang, Sherry X and Chow, Catherine K and Choyke, Peter and Danforth, David and Hewitt, Stephen M and Berman, Arlene and Steinberg, Seth M and Liewehr, David J and Plehn, Jonathan and Doshi, Arpi and Thomasson, Dave and McCarthy, Nicole and Koeppen, Hartmut and Sherman, Mark and Zujewski, JoAnne and Camphausen, Kevin and Chen, Helen and Swain, Sandra M},
title = {{Antiangiogenic and antitumor effects of bevacizumab in patients with inflammatory and locally advanced breast cancer.}},
journal = {Journal of clinical oncology : official journal of the American Society of Clinical Oncology},
year = {2006},
volume = {24},
number = {5},
pages = {769--777},
month = feb
}

@article{Wei:2001id,
author = {Wei, Kevin and Le, Elizabeth and Bin, Jian-Ping and Coggins, Matthew and Thorpe, Jerrel and Kaul, Sanjiv},
title = {{Quantification of renal blood flow with contrast-enhanced ultrasound}},
journal = {Journal of the American College of Cardiology},
year = {2001},
volume = {37},
number = {4},
pages = {1135--1140},
month = mar
}

@article{Peters:1987vx,
author = {Peters, A M and Brown, J and Hartnell, G G and Myers, M J and Haskell, C and Lavender, J P},
title = {{Non-invasive measurement of renal blood flow with 99mTc DTPA: comparison with radiolabelled microspheres.}},
journal = {Cardiovascular research},
year = {1987},
volume = {21},
number = {11},
pages = {830--834},
month = nov
}

@article{Kenny:1975gl,
author = {Kenny, R W and Ackery, D M and Fleming, J S and Goddard, B A and Grant, R W},
title = {{Deconvolution analysis of the scintillation camera renogram.}},
journal = {The British journal of radiology},
year = {1975},
volume = {48},
number = {570},
pages = {481--486},
month = jun
}

@article{Axel:1980jg,
author = {Axel, L},
title = {{Cerebral blood flow determination by rapid-sequence computed tomography: theoretical analysis.}},
journal = {Radiology},
year = {1980},
volume = {137},
number = {3},
pages = {679--686}
}

@article{Blomley:1997ff,
author = {Blomley, M J and Dawson, P},
title = {{Bolus dynamics: theoretical and experimental aspects.}},
journal = {The British journal of radiology},
year = {1997},
volume = {70},
number = {832},
pages = {351--359},
month = apr
}

@article{Hilson:1978us,
author = {Hilson, A J and Maisey, M N and Brown, C B and Ogg, C S and Bewick, M S},
title = {{Dynamic renal transplant imaging with Tc-99m DTPA (Sn) supplemented by a transplant perfusion index in the management of renal transplants.}},
journal = {Journal of nuclear medicine : official publication, Society of Nuclear Medicine},
year = {1978},
volume = {19},
number = {9},
pages = {994--1000},
month = sep
}

@article{Kaul:1989il,
author = {Kaul, Sanjiv and Kelly, Paul and Oliner, Jonathan D and Glasheen, William P and Keller, Mark W and Watson, Denny D},
title = {{Assessment of regional myocardial blood flow with myocardial contrast two-dimensional echocardiography}},
journal = {Journal of the American College of Cardiology},
year = {1989},
volume = {13},
number = {2},
pages = {468--482},
month = feb
}

@book{Stolnikow:1886wm,
author = {Stolnikow, T},
title = {{Die Aichung des Blutetromes in der Aorta des Hundes}},
publisher = {Arch f Anat u Physiol},
year = {1886}
}

@article{Diffey:1976tk,
author = {Diffey, B L and Hall, F M and Corfield, J R},
title = {{The 99mTc-DTPA dynamic renal scan with deconvolution analysis.}},
journal = {Journal of nuclear medicine : official publication, Society of Nuclear Medicine},
year = {1976},
volume = {17},
number = {5},
pages = {352--355},
month = may
}

@article{Yankeelov:2007ci,
author = {Yankeelov, Thomas E and Cron, Greg O and Addison, Christina L and Wallace, Julia C and Wilkins, Ruth C and Pappas, Bruce A and Santyr, Giles E and Gore, John C},
title = {{Comparison of a reference region model with direct measurement of an AIF in the analysis of DCE-MRI data.}},
journal = {Magnetic Resonance in Medicine},
year = {2007},
volume = {57},
number = {2},
pages = {353--361},
month = feb
}

@incollection{Hagler:1982hs,
author = {Hagler, Donald J and Tajik, Abdul J and Seward, James B and Ritman, Erik L},
title = {{Videodensitometric Quantitation of Left-to-Right Shunts with Contrast Echocardiography}},
booktitle = {Contrast Echocardiography},
year = {1982},
pages = {298--303},
publisher = {Springer Netherlands},
address = {Dordrecht}
}

@article{Klotz:2014gf,
author = {Klotz, Laura V and Ingrisch, Michael and Eichhorn, Martin E and Niemoeller, Olivier and Siedek, Vanessa and G{\"u}rkov, Robert and Clevert, Dirk-Andre},
title = {{Monitoring parotid gland tumors with a new perfusion software for contrast-enhanced ultrasound.}},
journal = {Clinical hemorheology and microcirculation},
year = {2014},
volume = {58},
number = {1},
pages = {261--269}
}

@article{Pettersson:1987ft,
author = {Pettersson, Holger and Ackerman, N and Kaude, J and Googe, R E and Mancuso, A A and Scott, K N and Hackett, R H and Hager, D A and Caballero, S},
title = {{Gadolinium-DTPA Enhancement of Experimental Soft Tissue Carcinoma and Hemorrhage in Magnetic Resonance Imaging}},
journal = {Acta {\ldots}},
year = {1987},
volume = {28},
number = {1},
pages = {75--78},
month = jan
}

@inproceedings{Jirik:2012gt,
author = {Jirik, Radovan and Nylund, Kim and Taxt, Torfinn and Mezl, Martin and Hausken, Trygve and Harabis, Vratislav and Kolar, Radim and Standara, Michal and Gilja, Odd Helge},
title = {{Parametric ultrasound perfusion analysis combining bolus tracking and replenishment}},
booktitle = {2012 IEEE International Ultrasonics Symposium},
year = {2012},
pages = {1323--1326},
publisher = {IEEE}
}

@article{Eisenhauer2009,
author = {Eisenhauer, E a and Therasse, P and Bogaerts, J and Schwartz, Lawrence H and Sargent, D and Ford, R and Dancey, J and Arbuck, S and Gwyther, S and Mooney, M and Rubinstein, L and Shankar, L and Dodd, L and Kaplan, R and Lacombe, D and Verweij, J},
title = {{New response evaluation criteria in solid tumours: revised RECIST guideline (version 1.1).}},
journal = {European journal of cancer (Oxford, England : 1990)},
year = {2009},
volume = {45},
number = {2},
pages = {228--247},
month = jan,
annote = {RECIST, ensemble de crit{\~A}{\textasciidieresis}res pour caract{\~A}{\textcopyright}riser l'{\~A}{\textcopyright}volution des tumeurs en r{\~A}{\textcopyright}ponse {\~A}~ un traitement. Ne fait appel qu'{\~A}~ des crit{\~A}{\textasciidieresis}res anatomiques unidimensionnels (ni volumique, ni fonctionnels), i.e. plus long ou plus court diam{\~A}{\textasciidieresis}tres dans le plan de mesure.}
}

@article{Filipovic2014,
author = {Filipovic, Nenad and Djukic, Tijana and Saveljic, Igor and Milenkovic, Petar and Jovicic, Gordana and Djuric, Marija},
title = {{Modeling of liver metastatic disease with applied drug therapy}},
journal = {Computer methods and {\ldots}},
year = {2014},
volume = {115},
number = {3},
pages = {162--170}
}

@article{Weinmann:1984gv,
author = {Weinmann, H J and Brasch, R C and Press, W R and Wesbey, G E},
title = {{Characteristics of gadolinium-DTPA complex: a potential NMR contrast agent.}},
journal = {AJR. American journal of roentgenology},
year = {1984},
volume = {142},
number = {3},
pages = {619--624},
month = mar
}

@article{Kudo:2009hy,
author = {Kudo, Kohsuke and Sasaki, Makoto and Ogasawara, Kuniaki and Terae, Satoshi and Ehara, Shigeru and Shirato, Hiroki},
title = {{Difference in Tracer Delay{\textendash}induced Effect among Deconvolution Algorithms in CT Perfusion Analysis: Quantitative Evaluation with Digital Phantoms 1}},
journal = {Radiology},
year = {2009},
volume = {251},
number = {1},
pages = {241--249},
month = apr
}

@article{Yanagisawa:2007bu,
author = {Yanagisawa, Kyosuke and Moriyasu, Fuminori and Miyahara, Takeo and Yuki, Miyata and Iijima, Hiroko},
title = {{Phagocytosis of ultrasound contrast agent microbubbles by Kupffer cells.}},
journal = {Ultrasound in Medicine {\&} Biology},
year = {2007},
volume = {33},
number = {2},
pages = {318--325},
month = feb
}

@article{Benzekry:2014kc,
author = {Benzekry, S{\'e}bastien and Lamont, Clare and Beheshti, Afshin and Tracz, Amanda and Ebos, John M L and Hlatky, Lynn and Hahnfeldt, Philip},
title = {{Classical Mathematical Models for Description and Prediction of Experimental Tumor Growth}},
journal = {PLoS computational biology},
year = {2014},
volume = {10},
number = {8},
pages = {e1003800},
month = aug
}

@article{Flouri:2015kv,
author = {Flouri, Dimitra and Lesnic, Daniel and Sourbron, Steven P},
title = {{Fitting the two-compartment model in DCE-MRI by linear inversion}},
journal = {Magnetic Resonance in Medicine},
year = {2015},
volume = {76},
number = {3},
pages = {998--1006}
}

@article{Frouin:1992cj,
author = {Frouin, Fr{\'e}d{\'e}rique and Bazin, J P and Di Paola, M and Jolivet, O and Di Paola, R},
title = {{FAMIS: a software package for functional feature extraction from biomedical multidimensional images.}},
journal = {Computerized medical imaging and graphics : the official journal of the Computerized Medical Imaging Society},
year = {1992},
volume = {16},
number = {2},
pages = {81--91},
month = mar
}

@incollection{Lassen:1979wn,
author = {Lassen, Niels A and {lassen} and Perl, William},
title = {{Flow or Flux by Bolus Injection: Outlet Mixing (The Henriques-Hamilton Principle)}},
booktitle = {Tracer kinetic methods in medical physiology},
year = {1979},
pages = {1--14}
}

@article{Knopp:1969tu,
author = {Knopp, T J and Bassingthwaighte, J B},
title = {{Effect of flow on transpulmonary circulatory transport functions.}},
journal = {Journal of applied physiology},
year = {1969},
volume = {27},
number = {1},
pages = {36--43},
month = jul
}

@article{Postert:2000kda,
author = {Postert, T and Hoppe, P and Federlein, J and Helbeck, S and Ermert, H and Przuntek, H and B{\"u}ttner, T and Wilkening, W},
title = {{Contrast agent specific imaging modes for the ultrasonic assessment of parenchymal cerebral echo contrast enhancement.}},
journal = {Journal of Cerebral Blood Flow {\&} Metabolism},
year = {2000},
volume = {20},
number = {12},
pages = {1709--1716},
month = dec
}

@article{Yankeelov:2013in,
author = {Yankeelov, Thomas E and Atuegwu, Nkiruka and Hormuth, David and Weis, Jared A and Barnes, Stephanie L and Miga, Michael I and Rericha, Erin C and Quaranta, Vito},
title = {{Clinically relevant modeling of tumor growth and treatment response.}},
journal = {Science translational medicine},
year = {2013},
volume = {5},
number = {187},
pages = {187ps9},
month = may
}

@inproceedings{Dietrich:2012kw,
author = {Dietrich, C F and Averkiou, Michalakis and Correas, J-M and Lassau, N and Leen, E and Piscaglia, F},
title = {{An EFSUMB introduction into Dynamic Contrast-Enhanced Ultrasound (DCE-US) for quantification of tumour perfusion.}},
booktitle = {Ultraschall in der Medizin (Stuttgart, Germany : 1980)},
year = {2012},
pages = {344--351},
organization = {Innere Medizin 2, Caritas-Krankenhaus, Bad Mergentheim. Christoph.Dietrich@ckbm.de},
publisher = {{\textcopyright}~Georg Thieme Verlag KG},
month = aug
}

@article{Tateishi:2001fz,
author = {Tateishi, Ukihide and Nishihara, Hiroshi and Watanabe, Satoshi and Morikawa, Toshiaki and Abe, Kazuhiro and Miyasaka, Kazuo},
title = {{Tumor Angiogenesis and Dynamic CT in Lung Adenocarcinoma: Radiologic{\textendash}Pathologic Correlation}},
journal = {Journal of Computer Assisted Tomography},
year = {2001},
volume = {25},
number = {1},
pages = {23--27},
month = jan
}

@article{Mischi:2003ed,
author = {Mischi, Massimo and Kalker, Ton and Korsten, Erik},
title = {{Videodensitometric Methods for Cardiac Output Measurements}},
journal = {EURASIP Journal on Advances in Signal Processing},
year = {2003},
volume = {2003},
number = {5},
pages = {862083--489},
month = dec
}

@article{Kudo:2003vo,
author = {Kudo, Kohsuke and Terae, Satoshi and Katoh, Chietsugu and Oka, Masaki and Shiga, Tohru and Tamaki, Nagara and Miyasaka, Kazuo},
title = {{Quantitative cerebral blood flow measurement with dynamic perfusion CT using the vascular-pixel elimination method: comparison with H2(15)O positron emission tomography.}},
journal = {AJNR. American journal of neuroradiology},
year = {2003},
volume = {24},
number = {3},
pages = {419--426},
month = mar
}

@article{Kallehauge:2016ev,
author = {Kallehauge, Jesper F and Sourbron, Steven and Irving, Benjamin and Tanderup, Kari and Schnabel, Julia A and Chappell, Michael A},
title = {{Comparison of linear and nonlinear implementation of the compartmental tissue uptake model for dynamic contrast-enhanced MRI.}},
journal = {Magnetic Resonance in Medicine},
year = {2016},
month = sep
}

@article{Logan:2001ip,
author = {Logan, J and Fowler, J S and Volkow, N D and Ding, Y S and Wang, G J and Alexoff, D L},
title = {{A strategy for removing the bias in the graphical analysis method.}},
journal = {Journal of Cerebral Blood Flow {\&} Metabolism},
year = {2001},
volume = {21},
number = {3},
pages = {307--320},
month = mar
}

@article{DeMaria:1978il,
author = {DeMaria, Anthony N and Bommer, William and George, Lily and Neumann, Alexander and Weinert, Lynn and Mason, Dean T},
title = {{Combined peripheral venous injection and cross-sectional echocardiography in the evaluation of cardiac disease}},
journal = {American Journal of Cardiology},
year = {1978},
volume = {41},
number = {2},
pages = {370},
month = feb
}

@article{Kuenen:2011kr,
author = {Kuenen, M P J and Mischi, M and Wijkstra, H},
title = {{Contrast-Ultrasound Diffusion Imaging for Localization of Prostate Cancer}},
journal = {IEEE Transactions on Medical Imaging},
year = {2011},
volume = {30},
number = {8},
pages = {1493--1502},
month = jul
}

@article{Leen:2012ci,
author = {Leen, Edward and Averkiou, Michalakis and Arditi, Marcel and Burns, Peter and Bokor, Daniela and Gauthier, Thomas and Kono, Yuko and Lucidarme, Olivier},
title = {{Dynamic contrast enhanced ultrasound assessment of the vascular effects of novel therapeutics in early stage trials.}},
journal = {European Radiology},
year = {2012},
volume = {22},
number = {7},
pages = {1442--1450},
month = jul
}

@book{Lawson:1995wg,
author = {Lawson, Charles L and Hanson, Richard J},
title = {{Solving Least Squares Problems}},
publisher = {SIAM},
year = {1995},
month = dec
}

@article{Lencioni:2001cz,
author = {Lencioni, Riccardo and Cioni, Dania and Bartolozzi, Carlo},
title = {{Tissue harmonic and contrast-specific imaging: back to gray scale in ultrasound}},
journal = {European Radiology},
year = {2001},
volume = {12},
number = {1},
pages = {151--165},
month = sep
}

@article{JeroschHerold:1998gg,
author = {Jerosch-Herold, Michael and Wilke, Norbert and Stillman, Arthur E and Wilson, Robert F},
title = {{Magnetic resonance quantification of the myocardial perfusion reserve with a Fermi function model for constrained deconvolution}},
journal = {Medical physics},
year = {1998},
volume = {25},
number = {1},
pages = {73--84},
month = jun
}

@article{Greis:2004ub,
author = {Greis, Christian},
title = {{Technology overview: SonoVue (Bracco, Milan).}},
journal = {European Radiology},
year = {2004},
volume = {14 Suppl 8},
pages = {P11--5},
month = oct
}

@article{Miles:1993cq,
author = {Miles, K A and Hayball, M P and Dixon, A K},
title = {{Functional images of hepatic perfusion obtained with dynamic CT.}},
journal = {Radiology},
year = {1993},
volume = {188},
number = {2},
pages = {405--411},
month = aug
}

@article{Dugdale:1999co,
author = {Dugdale, P E and Miles, K A},
title = {{Hepatic metastases: the value of quantitative assessment of contrast enhancement on computed tomography.}},
journal = {European journal of radiology},
year = {1999},
volume = {30},
number = {3},
pages = {206--213},
month = jun
}

@article{Bleeker:1990uy,
author = {Bleeker, H and Shung, K and Barnhart, J},
title = {{On the application of ultrasonic contrast agents for blood flowmetry and assessment of cardiac perfusion.}},
journal = {Journal of ultrasound in medicine : official journal of the American Institute of Ultrasound in Medicine},
year = {1990},
volume = {9},
number = {8},
pages = {461--471},
month = aug
}

@article{Wilke:1995dt,
author = {Wilke, Norbert and Kroll, Keith and Merkle, Hellmut and Wang, Ying and Ishibashi, Yukata and Xu, Ya and Zhang, Jiani and Jerosch-Herold, Michael and Muhler, Andreas and Stillman, Arthur E and Bassingthwaighte, James B and Bache, Robert and Ugurbil, Kamil},
title = {{Regional myocardial blood volume and flow: First-pass MR imaging with polylysine-Gd-DTPA}},
journal = {Journal of Magnetic Resonance Imaging},
year = {1995},
volume = {5},
number = {2},
pages = {227--237},
month = mar
}

@article{Tiemann:1999ha,
author = {Tiemann, Klaus and Lohmeier, Stefan and Kuntz, Stefanie and K{\"o}ster, J{\"o}rg and Pohl, Christoph and Burns, Peter and R PORTER, THOMAS and Nanda, Navin C and L{\"u}deritz, Berndt and Becher, Harald},
title = {{Real-Time Contrast Echo Assessment of Myocardial Perfusion at Low Emission Power}},
journal = {Echocardiography (Mount Kisco, N.Y.)},
year = {1999},
volume = {16},
number = {8},
pages = {799--809},
month = nov
}

@article{Gauthier:2011dz,
author = {Gauthier, Thomas P and Averkiou, Michalakis A and Leen, Edward L S},
title = {{Perfusion quantification using dynamic contrast-enhanced ultrasound: The impact of dynamic range and gain on time{\textendash}intensity curves}},
journal = {Ultrasonics},
year = {2011},
volume = {51},
number = {1},
pages = {102--106},
month = jan
}

@article{Correas:2000um,
author = {Correas, J-M and Burns, P N and Lai, X and Qi, X},
title = {{Infusion versus bolus of an ultrasound contrast agent: in vivo dose-response measurements of BR1.}},
journal = {Investigative Radiology},
year = {2000},
volume = {35},
number = {1},
pages = {72--79},
month = jan
}

@inproceedings{Doury:2016fi,
author = {Doury, Maxime and Dizeux, Alexandre and De Cesare, Alain and Lucidarme, Olivier and Bridal, S Lori and Frouin, Fr{\'e}d{\'e}rique},
title = {{Regularized linear resolution of a one-compartment model to improve the reproducibility of perfusion parameters in CEUS}},
booktitle = {2016 IEEE International Ultrasonics Symposium (IUS},
year = {2016},
pages = {1--4},
publisher = {IEEE}
}

@article{Stow:1954ty,
author = {Stow, R W and Hetzel, P S},
title = {{An empirical formula for indicator-dilution curves as obtained in human beings.}},
journal = {Journal of applied physiology},
year = {1954},
volume = {7},
number = {2},
pages = {161--167},
month = sep
}

@article{Sourbron:2012fi,
author = {Sourbron, S P and Buckley, D L},
title = {{Tracer kinetic modelling in MRI: estimating perfusion and capillary permeability.}},
journal = {Physics in medicine and biology},
year = {2012},
volume = {57},
number = {2},
pages = {R1--33},
month = jan
}

@article{Gamel:1973uz,
author = {Gamel, J and Rousseau, W F and Katholi, C R and Mesel, E},
title = {{Pitfalls in digital computation of the impulse response of vascular beds from indicator-dilution curves.}},
journal = {Circulation research},
year = {1973},
volume = {32},
number = {4},
pages = {516--523},
month = apr
}

@article{Lampaskis:2010fj,
author = {Lampaskis, Marios and Averkiou, Michalakis},
title = {{Investigation of the relationship of nonlinear backscattered ultrasound intensity with microbubble concentration at low MI.}},
journal = {Ultrasound in Medicine {\&} Biology},
year = {2010},
volume = {36},
number = {2},
pages = {306--312},
month = feb
}

@incollection{Tickner:1981in,
author = {Tickner, E Glenn},
title = {{Precision Microbubbles for Right Side Intracardiac Pressure and Flow Measurements}},
booktitle = {Echocardiology},
year = {1981},
pages = {461--472},
publisher = {Springer Netherlands},
address = {Dordrecht}
}

@article{Miles:1991et,
author = {Miles, K A and Hayball, M and Dixon, A K},
title = {{Colour perfusion imaging: a new application of computed tomography}},
journal = {The Lancet},
year = {1991},
volume = {337},
number = {8742},
pages = {643--645},
month = mar
}

@article{Tanter2007,
author = {Gennisson, Jean-Luc and Bercoff, Jeremy and Deffieux, Thomas and Tanter, Micka{\"e}l and Fink, Mathias and Sinkus, Ralph},
title = {{L{\textquoteright}{\'e}lastographie par ultrasons ou r{\'e}sonance magn{\'e}tique~: de nouveaux outils de diagnostic en canc{\'e}rologie}},
journal = {M{\'e}decine Nucl{\'e}aire},
year = {2007},
volume = {31},
number = {4},
pages = {132--141}
}

@article{WalkerSamuel:2006tk,
author = {Walker-Samuel, S and Parker, C C and Leach, M O},
title = {{Reproducibility of reference tissue quantification of dynamic contrast-enhanced data: comparison with a fixed vascular input function}},
journal = {Physics in medicine and biology},
year = {2006}
}

@article{Alderson:1979ts,
author = {Alderson, P O and Douglass, K H and Mendenhall, K G and Guadiani, V A and Watson, D C and Links, J M and Wagner, H N},
title = {{Deconvolution analysis in radionuclide quantitation of left-to-right cardiac shunts.}},
journal = {Journal of nuclear medicine : official publication, Society of Nuclear Medicine},
year = {1979},
volume = {20},
number = {6},
pages = {502--506},
month = jun
}

@article{Yankeelov:2014gz,
author = {Yankeelov, Thomas E and Abramson, Richard G and Quarles, C Chad},
title = {{Quantitative multimodality imaging in cancer research and therapy.}},
journal = {Nature reviews. Clinical oncology},
year = {2014},
volume = {11},
number = {11},
pages = {670--680},
month = nov
}

@article{Armstrong:1982tq,
author = {Armstrong, W F and Mueller, T M and Kinney, E L and Tickner, E G and Dillon, J C and Feigenbaum, H},
title = {{Assessment of myocardial perfusion abnormalities with contrast-enhanced two-dimensional echocardiography.}},
journal = {Circulation},
year = {1982},
volume = {66},
number = {1},
pages = {166--173},
month = jul
}

@article{Hudson:2009jv,
author = {Hudson, John M and Karshafian, Raffi and Burns, Peter N},
title = {{Quantification of Flow Using Ultrasound and Microbubbles: A Disruption Replenishment Model Based on Physical Principles}},
journal = {Ultrasound in Medicine {\&} Biology},
year = {2009},
volume = {35},
number = {12},
pages = {2007--2020},
month = dec
}

@article{Potdevin:2006fs,
author = {Potdevin, Titaina C U and Fowlkes, J Brian and Moskalik, Aaron P and Carson, Paul L},
title = {{Refill model of rabbit kidney vasculature.}},
journal = {Ultrasound in Medicine {\&} Biology},
year = {2006},
volume = {32},
number = {9},
pages = {1331--1338},
month = sep
}

@article{Wei:1997fd,
author = {Wei, K and Skyba, D M and Firschke, C and Jayaweera, A R and Lindner, J R and Kaul, S},
title = {{Interactions between microbubbles and ultrasound: in vitro and in vivo observations.}},
journal = {Journal of the American College of Cardiology},
year = {1997},
volume = {29},
number = {5},
pages = {1081--1088},
month = apr
}

@book{Anonymous:XqwnfMK0,
title = {{Echocardiology}}
}

@article{Cohen2013,
author = {Tacchella, Jean-Marc and Lefort, Muriel and Cohen, Mike-ely and Pellot-Barakat, Claire and Pellot-Barakat, C and De Cesare, Alain and Lebenberg, Jessica and Souedet, N and Lucidarme, Olivier and Delzescaux, T and Frouin, Fr{\'e}d{\'e}rique},
title = {{Quantitative evaluation of rigid and elastic registrations for abdominal perfusion imaging with X-ray computed tomography}},
journal = {IRBM},
year = {2013},
volume = {34},
number = {4-5},
pages = {283--286},
month = nov
}

@article{Maintz1998,
author = {Maintz, J B Antoine and Viergever, Max a},
title = {{A survey of medical image registration}},
journal = {Medical Image Analysis},
year = {1998},
volume = {2},
number = {1},
pages = {1--36},
month = mar
}

@article{Planey:2009fo,
author = {Planey, Catherine R and Welch, E Brian and Xu, Lei and Chakravarthy, A Bapsi and Gatenby, J Christopher and Freehardt, Darla and Mayer, Ingrid A and Meszoely, Ingrid M and Kelley, Mark C and Means-Powell, Julie A and Gore, John C and Yankeelov, Thomas E},
title = {{Temporal sampling requirements for reference region modeling of DCE-MRI data in human breast cancer.}},
journal = {Journal of Magnetic Resonance Imaging},
year = {2009},
volume = {30},
number = {1},
pages = {121--134},
month = jul
}

@article{Ingrisch:2013fj,
author = {Ingrisch, Michael and Sourbron, Steven},
title = {{Tracer-kinetic modeling of dynamic contrast-enhanced MRI and CT: a primer.}},
journal = {Journal of pharmacokinetics and pharmacodynamics},
year = {2013},
volume = {40},
number = {3},
pages = {281--300},
month = jun
}

@article{Wong:2011bf,
author = {Wong, Daniel D and Forbes, Geoff M and Zelesco, Marilyn and Mason, Rose and Pawlik, Janina and Mendelson, Richard M},
title = {{Crohn{\textquoteright}s disease activity: quantitative contrast-enhanced ultrasound assessment}},
journal = {Abdominal Imaging},
year = {2011},
volume = {37},
number = {3},
pages = {369--376},
month = aug
}

@article{Kindberg:2003iq,
author = {Kindberg, Grete M{\o}rk and Tolleshaug, Helge and Roos, Norbert and Skotland, Tore},
title = {{Hepatic clearance of Sonazoid perfluorobutane microbubbles by Kupffer cells does not reduce the ability of liver to phagocytose or degrade albumin microspheres}},
journal = {Cell and tissue research},
year = {2003},
volume = {312},
number = {1},
pages = {49--54}
}

@article{Masugata:2001vg,
author = {Masugata, H and Peters, B and Lafitte, S and Strachan, G M and Ohmori, K and DeMaria, A N},
title = {{Quantitative assessment of myocardial perfusion during graded coronary stenosis by real-time myocardial contrast echo refilling curves.}},
journal = {Journal of the American College of Cardiology},
year = {2001},
volume = {37},
number = {1},
pages = {262--269},
month = jan
}

@article{Barnett:2007hl,
author = {Barnett, Stanley B and Duck, Francis and Ziskin, Marvin},
title = {{Recommendations on the safe use of ultrasound contrast agents.}},
journal = {Ultrasound in Medicine {\&} Biology},
year = {2007},
volume = {33},
number = {2},
pages = {173--174},
month = feb
}

@article{Doury:2017fz,
author = {Doury, Maxime and Dizeux, Alexandre and De Cesare, Alain and Lucidarme, Olivier and Pellot-Barakat, Claire and Bridal, S Lori and Frouin, Fr{\'e}d{\'e}rique},
title = {{Quantification of tumor perfusion using dynamic contrast-enhanced ultrasound: impact of mathematical modeling.}},
journal = {Physics in medicine and biology},
year = {2017},
volume = {62},
number = {3},
pages = {1113--1125},
month = feb
}

@article{Norman:1978ji,
author = {Norman, David and Stevens, Edwin A and Wing, S Douglas and Levin, Victor and Newton, Thomas H},
title = {{Quantitative Aspects of Contrast Enhancement in Cranial Computed Tomography}},
journal = {Radiology},
year = {1978},
volume = {129},
number = {3},
pages = {683--688},
month = dec
}

@article{Valentinuzzi:1975tr,
author = {Valentinuzzi, M E and Montaldo Volachec, E M},
title = {{Discrete deconvolution.}},
journal = {Medical {\&} biological engineering},
year = {1975},
volume = {13},
number = {1},
pages = {123--125},
month = jan
}

@article{Vandenberg:1989bza,
author = {Vandenberg, Byron F and Kieso, Robert and Fox-Eastham, Karen and Chilian, William and Kerber, Richard E},
title = {{Quantitation of myocardial perfusion by contrast echocardiography: Analysis of contrast gray level appearance variables and intracyclic variability}},
journal = {Journal of the American College of Cardiology},
year = {1989},
volume = {13},
number = {1},
pages = {200--206},
month = jan,
annote = {Trying to find relations between blood flow and various SQ parameters (PE, TTP, WIR) and intracyclic gray level variability (relative intensity between systole and diastole) in a canine study.}
}

@article{Fisher:2002bd,
author = {Fisher, Nicholas G and Christiansen, Jonathan P and Leong-Poi, Howard and Jayaweera, Ananda R and Lindner, Jonathan R and Kaul, Sanjiv},
title = {{Myocardial and microcirculatory kinetics of BR14, a novel third-generation intravenous ultrasound contrast agent.}},
journal = {Journal of the American College of Cardiology},
year = {2002},
volume = {39},
number = {3},
pages = {530--537},
month = feb
}

@article{Porter:1995vs,
author = {Porter, T R and Xie, F},
title = {{Transient myocardial contrast after initial exposure to diagnostic ultrasound pressures with minute doses of intravenously injected microbubbles. Demonstration and potential mechanisms.}},
journal = {Circulation},
year = {1995},
volume = {92},
number = {9},
pages = {2391--2395},
month = nov
}

@article{Liu2014,
author = {Liu, Yixun and Sadowski, Samira M and Weisbrod, Allison B and Kebebew, Electron and Summers, Ronald M and Yao, Jianhua},
title = {{Patient specific tumor growth prediction using multimodal images.}},
journal = {Medical Image Analysis},
year = {2014},
volume = {18},
number = {3},
pages = {555--566},
month = apr
}

@article{Dizeux:2016cd,
author = {Dizeux, Alexandre and Payen, Thomas and Barrois, Guillaume and Le Guillou-Buffello, Delphine and Bridal, S Lori},
title = {{Reproducibility of Contrast-Enhanced Ultrasound in Mice with Controlled Injection.}},
journal = {Molecular imaging and biology : MIB : the official publication of the Academy of Molecular Imaging},
year = {2016},
pages = {1--8},
month = apr
}

@article{Brasch:1984cz,
author = {Brasch, R C and Weinmann, H J and Wesbey, G E},
title = {{Contrast-enhanced NMR imaging: animal studies using gadolinium-DTPA complex.}},
journal = {AJR. American journal of roentgenology},
year = {1984},
volume = {142},
number = {3},
pages = {625--630},
month = mar
}

@article{Wintermark:2001bm,
author = {Wintermark, M and Thiran, J P and Maeder, P and Schnyder, P and Meuli, R},
title = {{Simultaneous measurement of regional cerebral blood flow by perfusion CT and stable xenon CT: a validation study.}},
journal = {AJNR. American journal of neuroradiology},
year = {2001},
volume = {22},
number = {5},
pages = {905--914},
month = may
}

@article{Tiemann:1997vj,
author = {Tiemann, Klaus and Becher, Harald and Bimmel, Dieter and Schlief, Reinhard and Nanda, Navin C},
title = {{Stimulated Acoustic Emission Nonbackscatter Contrast Effect of Microbubbles Seen with Harmonic Power Doppler Imaging.}},
journal = {Echocardiography (Mount Kisco, N.Y.)},
year = {1997},
volume = {14},
number = {1},
pages = {65--70},
month = jan
}

@article{Averkiou:2010iw,
author = {Averkiou, Michalakis and Lampaskis, Marios and Kyriakopoulou, Konstantina and Skarlos, Dimosthenis and Klouvas, Georgios and Strouthos, Costas and Leen, Edward},
title = {{Quantification of Tumor Microvascularity with Respiratory Gated Contrast Enhanced Ultrasound for Monitoring Therapy}},
journal = {Ultrasound in Medicine {\&} Biology},
year = {2010},
volume = {36},
number = {1},
pages = {68--77},
month = jan
}

@article{Wei:1998tc,
author = {Wei, K and Jayaweera, A R and Firoozan, S and Linka, A and Skyba, D M and Kaul, S},
title = {{Quantification of myocardial blood flow with ultrasound-induced destruction of microbubbles administered as a constant venous infusion.}},
journal = {Circulation},
year = {1998},
volume = {97},
number = {5},
pages = {473--483},
month = feb
}

@article{Peters:1987fa,
author = {Peters, A M and GUNASEKERA, R D and HENDERSON, B L and Brown, J and Lavender, J P and SOUZA, M DE and ASH, J M and GILDAY, D L},
title = {{Noninvasive measurement of blood flow and extraction fraction}},
journal = {Nuclear Medicine Communications},
year = {1987},
volume = {8},
number = {10},
pages = {823--837},
month = oct
}

@article{Wang:2015dr,
author = {Wang, Haiyi and Su, Zihua and Ye, Huiyi and Xu, Xiao and Sun, Zhipeng and Li, Lu and Duan, Feixue and Song, Yuanyuan and Lambrou, Tryphon and Ma, Lin},
title = {{Reproducibility of Dynamic Contrast-Enhanced MRI in Renal Cell Carcinoma: A Prospective Analysis on Intra- and Interobserver and Scan-Rescan Performance of Pharmacokinetic Parameters.}},
journal = {Medicine},
year = {2015},
volume = {94},
number = {37},
pages = {e1529},
month = sep
}

@booklet{Lassen:1979vt,
title = {{Tracer kinetic methods in medical physiology}},
author = {Lassen, Niels A and Perl, William},
year = {1979}
}

@article{Kristian:2013gq,
author = {Kristian, Alexandr and Revheim, Mona Elisabeth and Qu, Hong and M{\ae}landsmo, Gunhild M and Engebr{\aa}ten, Olav and Seierstad, Therese and Malinen, Eirik},
title = {{Dynamic 18F-FDG-PET for monitoring treatment effect following anti-angiogenic therapy in triple-negative breast cancer xenografts}},
journal = {Acta Oncologica},
year = {2013},
volume = {52},
number = {7},
pages = {1566--1572},
month = aug
}

@article{Roche2000,
title = {{Unifying maximum likelihood approaches in medical image registration}},
year = {2000},
volume = {11},
number = {1},
pages = {71--80}
}

@article{Appledorn:1977hl,
author = {Appledorn, C},
title = {{Deconvolution analysis of the scintillation camera renogram}},
journal = {The British journal of radiology},
year = {1977},
volume = {50},
number = {591},
pages = {234--235}
}

@article{Yankeelov:2005dea,
author = {Yankeelov, Thomas E and Luci, Jeffrey J and Lepage, Martin and Li, Rui and Debusk, Laura and Lin, P Charles and Price, Ronald R and Gore, John C},
title = {{Quantitative pharmacokinetic analysis of DCE-MRI data without an arterial input function: a reference region model.}},
journal = {Magnetic resonance imaging},
year = {2005},
volume = {23},
number = {4},
pages = {519--529},
month = may
}

@article{Logan:1990jg,
author = {Logan, J and Fowler, J S and Volkow, N D and Wolf, A P and Dewey, S L and Schlyer, D J and MacGregor, R R and Hitzemann, R and Bendriem, B and Gatley, S J},
title = {{Graphical analysis of reversible radioligand binding from time-activity measurements applied to [N-11C-methyl]-(-)-cocaine PET studies in human subjects.}},
journal = {Journal of Cerebral Blood Flow {\&} Metabolism},
year = {1990},
volume = {10},
number = {5},
pages = {740--747},
month = sep
}

@article{Saevik:2013bd,
author = {Saevik, F E and Nylund, K and Hausken, T and Pfeffer, F and Gilja, O H},
title = {{Separating inflammation from fibrosis in Crohn's patients measuring perfusion with contrast-enhanced ultrasound and Vuebox}},
journal = {Ultraschall in der Medizin - European Journal of Ultrasound},
year = {2013},
volume = {34},
number = {S 01},
pages = {WS_SL7_03},
month = oct
}

@article{Gobbel:1991hk,
author = {Gobbel, G T and Cann, C E and Fike, J R},
title = {{Measurement of regional cerebral blood flow using ultrafast computed tomography. Theoretical aspects}},
journal = {Stroke},
year = {1991},
volume = {22},
number = {6},
pages = {768--771},
month = jun
}

@article{Foroughi2006,
title = {{Intra-subject elastic registration of 3D ultrasound images.}},
year = {2006},
volume = {10},
number = {5},
pages = {713--725},
month = oct
}

@article{TenCate:1984hl,
author = {Ten Cate, F J and Drury, J K and Meerbaum, S and Noordsy, J and Feinstein, S and Shah, P M and Corday, E},
title = {{Myocardial contrast two-dimensional echocardiography: experimental examination at different coronary flow levels.}},
journal = {Journal of the American College of Cardiology},
year = {1984},
volume = {3},
number = {5},
pages = {1219--1226},
month = may
}

@article{Barnett:2007dr,
author = {Barnett, Stanley B},
title = {{Safe use of ultrasound contrast agents.}},
journal = {Ultrasound in Medicine {\&} Biology},
year = {2007},
volume = {33},
number = {2},
pages = {171--172},
month = feb
}

@article{Bouhlel2014,
author = {Bouhlel, Nizar and Coron, Alain and Barrois, Guillaume and Lucidarme, Olivier and Bridal, S Lori},
title = {{Dual-mode registration of dynamic contrast-enhanced ultrasound combining tissue and contrast sequences.}},
journal = {Ultrasonics},
year = {2014},
volume = {54},
number = {5},
pages = {1289--1299},
month = jul
}

@article{Szabo:2013hv,
author = {Szab{\'o}, Botond K and Saracco, Ariel and T{\'a}nczos, Ervin and Aspelin, Peter and Leifland, Karin and Wilczek, Brigitte and Axelsson, Rimma},
title = {{Correlation of contrast-enhanced ultrasound kinetics with prognostic factors in invasive breast cancer}},
journal = {European Radiology},
year = {2013},
volume = {23},
number = {12},
pages = {3228--3236}
}

@article{Miles:2002eu,
author = {Miles, K A},
title = {{Functional computed tomography in oncology}},
journal = {European Journal of Cancer},
year = {2002},
volume = {38},
number = {16},
pages = {2079--2084},
month = nov
}

@article{Parisot2014,
author = {Parisot, Sarah and Wells III, William and Chemouny, St{\'e}phane and Duffau, Hugues and Paragios, Nikos},
title = {{Concurrent tumor segmentation and registration with uncertainty-based sparse non-uniform graphs.}},
journal = {Medical Image Analysis},
year = {2014},
volume = {18},
number = {4},
pages = {647--659},
month = may
}

@article{Forsberg:1995do,
author = {Forsberg, F and Liu, J B and Merton, D A and Rawool, N M and Goldberg, B B},
title = {{Parenchymal enhancement and tumor visualization using a new sonographic contrast agent.}},
journal = {Journal of ultrasound {\ldots}},
year = {1995},
volume = {14},
number = {12},
pages = {949--957},
month = dec
}

@article{Yankeelov:2006dr,
author = {Yankeelov, Thomas E and DeBusk, Laura M and Billheimer, D Dean and Luci, Jeffrey J and Lin, P Charles and Price, Ronald R and Gore, John C},
title = {{Repeatability of a reference region model for analysis of murine DCE-MRI data at 7T.}},
journal = {Journal of Magnetic Resonance Imaging},
year = {2006},
volume = {24},
number = {5},
pages = {1140--1147},
month = nov
}

@article{Gauthier:2012dq,
author = {Gauthier, Thomas P and Chebil, Mohamed and Peronneau, Pierre and Lassau, Nathalie},
title = {{In vitro evaluation of the impact of ultrasound scanner settings and contrast bolus volume on time{\textendash}intensity curves}},
journal = {Ultrasonics},
year = {2012},
volume = {52},
number = {1},
pages = {12--19},
month = jan
}

@article{Miles:1991ei,
author = {Miles, K A},
title = {{Measurement of tissue perfusion by dynamic computed tomography.}},
journal = {The British journal of radiology},
year = {1991},
volume = {64},
number = {761},
pages = {409--412},
month = may
}

@article{Zierler:2000fga,
author = {Zierler, Kenneth},
title = {{Indicator Dilution Methods for Measuring Blood Flow, Volume, and Other Properties of Biological Systems: A Brief History and Memoir}},
journal = {Annals of Biomedical Engineering},
year = {2000},
volume = {28},
number = {8},
pages = {836--848}
}

@book{Rognin:2008bw,
author = {Rognin, Nicolas G and Frinking, Peter and Costa, Maria and Arditi, Marcel},
title = {{In-vivo perfusion quantification by contrast ultrasound: Validation of the use of linearized video data vs. raw RF data}},
publisher = {IEEE},
year = {2008}
}

@article{Wintermark:2005ua,
author = {Wintermark, Max and Fischbein, Nancy J and Smith, Wade S and Ko, Nerissa U and Quist, Marcel and Dillon, William P},
title = {{Accuracy of dynamic perfusion CT with deconvolution in detecting acute hemispheric stroke.}},
journal = {AJNR. American journal of neuroradiology},
year = {2005},
volume = {26},
number = {1},
pages = {104--112},
month = jan
}

@article{Rempp:1994kk,
author = {Rempp, K A and Brix, G and Wenz, F and Becker, C R and G{\"u}ckel, F and Lorenz, W J},
title = {{Quantification of regional cerebral blood flow and volume with dynamic susceptibility contrast-enhanced MR imaging.}},
journal = {Radiology},
year = {1994},
volume = {193},
number = {3},
pages = {637--641},
month = dec
}

@book{Little:2002dc,
author = {Little, Roderick J A and Rubin, Donald B},
title = {{Statistical Analysis with Missing Data}},
publisher = {John Wiley {\&} Sons, Inc.},
year = {2002},
address = {Hoboken, NJ, USA}
}

@article{2013PhyM...34..151H,
author = {Harabis, Vratislav and Kolar, Radim and Mezl, Martin and Jirik, Radovan},
title = {{Comparison and evaluation of indicator dilution models for bolus of ultrasound contrast agents.}},
journal = {Physiological Measurement},
year = {2013},
volume = {34},
number = {2},
pages = {151--162},
month = feb
}

@book{Tigerstedt:1891wn,
author = {Tigerstedt, R},
title = {{Bestimmung der von dem linken Herzen herausgetriebenen Blutmenge}},
publisher = {Skand. Arch. f. Physiol},
year = {1891}
}

@article{Hoeffel:2010ce,
author = {Hoeffel, C and Mul{\'e}, S and Huwart, L and Frouin, Fr{\'e}d{\'e}rique and Jais, J P and Helenon, O and Correas, J-M},
title = {{Renal Blood Flow Quantification in Pigs Using Contrast-Enhanced Ultrasound: An Ex Vivo Study}},
journal = {Ultraschall in der Medizin - European Journal of Ultrasound},
year = {2010},
volume = {31},
number = {04},
pages = {363--369},
month = apr
}

@article{Zhang2014,
author = {Zhang, Zongyan},
title = {{Optimisation du protocole d'analyse des examens d'IRM dynamique abdominale pour le suivi de patients.}},
year = {2014}
}

@article{Wesbey:1984is,
author = {Wesbey, G E and Higgins, C B and McNamara, M T and Engelstad, B L and Lipton, M J and Sievers, R and Ehman, R L and Lovin, J and Brasch, R C},
title = {{Effect of gadolinium-DTPA on the magnetic relaxation times of normal and infarcted myocardium.}},
journal = {Radiology},
year = {1984},
volume = {153},
number = {1},
pages = {165--169},
month = oct
}

@article{Carroll:1980vp,
author = {Carroll, B A and Turner, R J and Tickner, E G and Boyle, D B and Young, S W},
title = {{Gelatin encapsulated nitrogen microbubbles as ultrasonic contrast agents.}},
journal = {Investigative Radiology},
year = {1980},
volume = {15},
number = {3},
pages = {260--266},
month = may
}

@article{DennisCheong:2004hv,
author = {Dennis Cheong, L H and Tchoyoson Lim, C C and Koh, Tong San},
title = {{Dynamic Contrast-enhanced CT of Intracranial Meningioma: Comparison of Distributed and Compartmental Tracer Kinetic Models{\textemdash}Initial Results}},
journal = {Radiology},
year = {2004},
volume = {232},
number = {3},
pages = {921--930},
month = sep
}

@article{Hahnfeldt1999,
author = {Hahnfeldt, Philip and Panigrahy, Dipak and Folkman, Judah and Hlatky, L},
title = {{Tumor development under angiogenic signaling: A dynamical theory of tumor growth, treatment response, and postvascular dormancy}},
journal = {Cancer research},
year = {1999},
volume = {59},
number = {Octobre},
pages = {4770--4775}
}

@article{Gupta:1996iz,
author = {Gupta, Ramesh C and Ma, Suchun},
title = {{Testing the equality of coefficients of variation in k normal populations}},
journal = {Communications in Statistics - Theory and Methods},
year = {1996},
volume = {25},
number = {1},
pages = {115--132}
}

@article{Fournier:2007ez,
author = {Fournier, Laure S and Novikov, Viktor and Lucidi, Vincenzo and Fu, Yanjun and Miller, Theodore and Floyd, Eugenia and Shames, David M and Brasch, Robert C},
title = {{MR monitoring of cyclooxygenase-2 inhibition of angiogenesis in a human breast cancer model in rats.}},
journal = {Radiology},
year = {2007},
volume = {243},
number = {1},
pages = {105--111},
month = apr
}

@article{Mischi:2008fe,
author = {Mischi, M and den Boer, J A and Korsten, H H M},
title = {{On the physical and stochastic representation of an indicator dilution curve as a gamma variate}},
journal = {Physiological Measurement},
year = {2008},
volume = {29},
number = {3},
pages = {281--294},
month = mar
}

@article{Tranquart2008,
author = {Tranquart, F and Bleuzen, A and Pierre-Renoult, P and Chabrolle, C and Giao, M Sam and Lecomte, P},
title = {{{\'E}lastographie ultrasonore des l{\'e}sions thyro{\"\i}diennes}},
journal = {Journal de Radiologie},
year = {2008},
volume = {89},
number = {1 C1},
pages = {35--39}
}

@article{Miles:2014ea,
author = {Miles, K A and Hayball, M P and Dixon, A K},
title = {{Measurement of human pancreatic perfusion using dynamic computed tomography with perfusion imaging.}},
journal = {The British journal of radiology},
year = {1995},
volume = {68},
number = {809},
pages = {471--475},
month = may
}

@article{Hartung:2014vs,
author = {Hartung, N and Mollard, S and Barbolosi, Dominique and Benabdallah, A},
title = {{Mathematical modeling of tumor growth and metastatic spreading: validation in tumor-bearing mice}},
journal = {Cancer research},
year = {2014}
}

@article{Klotz:1999ef,
author = {Klotz, E and K{\"o}nig, M},
title = {{Perfusion measurements of the brain: using dynamic CT for the quantitative assessment of cerebral ischemia in acute stroke.}},
journal = {European journal of radiology},
year = {1999},
volume = {30},
number = {3},
pages = {170--184},
month = jun
}

@article{Krix:2003tq,
author = {Krix, Martin and Kiessling, Fabian and Farhan, Nabeel and Schmidt, Kerstin and Hoffend, Johannes and Delorme, Stefan},
title = {{A multivessel model describing replenishment kinetics of ultrasound contrast agent for quantification of tissue perfusion.}},
journal = {Ultrasound in Medicine {\&} Biology},
year = {2003},
volume = {29},
number = {10},
pages = {1421--1430},
month = oct
}

@article{Blomley:1995vs,
author = {Blomley, Martin J K and Coulden, Richard and Dawson, Peter and Kormano, Martti and Donlan, Pamela and Bufkin, Cecile and Lipton, Martin J},
title = {{Liver Perfusion Studied with Ultrafast CT}},
journal = {Journal of Computer Assisted Tomography},
year = {1995},
volume = {19},
number = {3},
pages = {424--433},
month = may
}

@inproceedings{Sheppard:1951we,
author = {Sheppard, C W and Savage, L J},
title = {{The random walk problem in relation to the physiology of circulatory mixing}},
booktitle = {Physical Review},
year = {1951},
pages = {489--490},
organization = {AMERICAN PHYSICAL SOC ONE PHYSICS ELLIPSE, COLLEGE PK, MD 20740-3844 USA}
}

@incollection{Lassen:1979td,
author = {Lassen, Niels A and Perl, William and {lassen}},
title = {{Constant-Infusion Method (The Stewart Principle) / Flow or Flux by Constant Infusion and Constant Nonconvective Outplus (The Fick Principle)}},
booktitle = {Tracer kinetic methods in medical physiology},
year = {1979},
pages = {1--25}
}

@article{Baratchart:2015by,
author = {Baratchart, Etienne and Benzekry, S{\'e}bastien and Bikfalvi, Andreas and Colin, Thierry and Cooley, Lindsay S and Pineau, Raph{\"a}el and Ribot, Emeline J and Saut, Olivier and Souleyreau, Wilfried},
title = {{Computational Modelling of Metastasis Development in Renal Cell Carcinoma.}},
journal = {PLoS computational biology},
year = {2015},
volume = {11},
number = {11},
pages = {e1004626},
month = nov
}

@article{Turco:2016il,
author = {Turco, Simona and Wijkstra, Hessel and Mischi, Massimo},
title = {{Mathematical Models of Contrast Transport Kinetics for Cancer Diagnostic Imaging: A Review}},
journal = {IEEE Reviews in Biomedical Engineering},
year = {2016},
volume = {9},
pages = {121--147}
}

@article{Bassingthwaighte:1967vy,
author = {Bassingthwaighte, J B and Ackerman, F H},
title = {{Mathematical linearity of circulatory transport.}},
journal = {Journal of applied physiology},
year = {1967},
volume = {22},
number = {5},
pages = {879--888},
month = may
}

@article{Leen:2001gv,
author = {Leen, Edward},
title = {{Ultrasound contrast harmonic imaging of abdominal organs}},
journal = {Seminars in Ultrasound, CT and MRI},
year = {2001},
volume = {22},
number = {1},
pages = {11--24},
month = feb
}

@article{CardenasRodriguez:2013em,
author = {C{\'a}rdenas-Rodr{\'\i}guez, Julio and Howison, Christine M and Pagel, Mark D},
title = {{A linear algorithm of the reference region model for DCE-MRI is robust and relaxes requirements for temporal resolution}},
journal = {Magnetic resonance imaging},
year = {2013},
volume = {31},
number = {4},
pages = {497--507},
month = may
}

@article{Tang:2011fja,
author = {Tang, M X and Mulvana, H and Gauthier, T and Lim, A K P and Cosgrove, D O and Eckersley, R J and Stride, E},
title = {{Quantitative contrast-enhanced ultrasound imaging: a review of sources of variability.}},
journal = {Interface Focus},
year = {2011},
volume = {1},
number = {4},
pages = {520--539},
month = aug
}

@article{Patlak:1983id,
author = {Patlak, Clifford S and Blasberg, Ronald G and Fenstermacher, Joseph D},
title = {{Graphical Evaluation of Blood-to-Brain Transfer Constants from Multiple-Time Uptake Data}},
journal = {Journal of Cerebral Blood Flow {\&} Metabolism},
year = {1983},
volume = {3},
number = {1},
pages = {1--7},
month = mar
}

@article{Averkiou:2003wj,
author = {Averkiou, Michalakis and Powers, Jeff and Skyba, Dan and Bruce, Matthew and Jensen, Seth},
title = {{Ultrasound contrast imaging research.}},
journal = {Ultrasound quarterly},
year = {2003},
volume = {19},
number = {1},
pages = {27--37},
month = mar
}

@article{Hanahan2011a,
author = {Hanahan, Douglas and Weinberg, Robert A},
title = {{Hallmarks of cancer: the next generation.}},
journal = {Cell},
year = {2011},
volume = {144},
number = {5},
pages = {646--674},
month = mar
}

@article{Weir:2005kt,
author = {Weir, Joseph P},
title = {{Quantifying test-retest reliability using the intraclass correlation coefficient and the SEM.}},
journal = {Journal of strength and conditioning research / National Strength {\&} Conditioning Association},
year = {2005},
volume = {19},
number = {1},
pages = {231--240},
month = feb
}

@article{Verstraete:1994iw,
author = {Verstraete, K L and De Deene, Y and Roels, H and Dierick, A and Uyttendaele, D and Kunnen, M},
title = {{Benign and malignant musculoskeletal lesions: dynamic contrast-enhanced MR imaging--parametric "first-pass" images depict tissue vascularization and perfusion.}},
journal = {Radiology},
year = {1994},
volume = {192},
number = {3},
pages = {835--843},
month = sep
}

@article{Herrero:1989vv,
author = {Herrero, P and Markham, J and Bergmann, S R},
title = {{Quantitation of myocardial blood flow with H2 15O and positron emission tomography: assessment and error analysis of a mathematical approach.}},
journal = {Journal of Computer Assisted Tomography},
year = {1989},
volume = {13},
number = {5},
pages = {862--873},
month = sep
}

@article{Gillard:2001dla,
author = {Gillard, J H and Antoun, N M and Burnet, N G and Pickard, J D},
title = {{Reproducibility of quantitative CT perfusion imaging.}},
journal = {The British journal of radiology},
year = {2001},
volume = {74},
number = {882},
pages = {552--555},
month = jun
}

@book{Tiemann:2000wn,
author = {Tiemann, K and Becher, H},
title = {{Real-time assessment of tissue perfusion following bubble destruction at low emission power-First experimental results using power pulse inversion {\ldots}}},
publisher = {JOURNAL OF {\ldots}},
year = {2000}
}

@article{Gunn:2001cx,
author = {Gunn, R N and Gunn, S R and Cunningham, V J},
title = {{Positron emission tomography compartmental models.}},
journal = {Journal of Cerebral Blood Flow {\&} Metabolism},
year = {2001},
volume = {21},
number = {6},
pages = {635--652},
month = jun
}

@incollection{Lassen:1979tq,
author = {Lassen, Niels A and {lassen} and Perl, William},
title = {{Multiple Indicators: Capillary Permeability}},
booktitle = {Tracer kinetic methods in medical physiology},
year = {1979},
pages = {1--20}
}

@article{Lustig:2007cu,
author = {Lustig, Michael and Donoho, David and Pauly, John M},
title = {{Sparse MRI: The application of compressed sensing for rapid MR imaging.}},
journal = {Magnetic Resonance in Medicine},
year = {2007},
volume = {58},
number = {6},
pages = {1182--1195},
month = dec
}

@article{Zierler:1962cx,
author = {Zierler, Kenneth L},
title = {{Theoretical Basis of Indicator-Dilution Methods For Measuring Flow and Volume}},
journal = {Circulation research},
year = {1962},
volume = {10},
number = {3},
pages = {393--407},
month = mar
}

@article{Jirik:2014hv,
author = {Jirik, Radovan and Soucek, Karel and Mezl, Martin and Bartos, Michal and Drazanova, Eva and Drafi, Frantisek and Grossova, Lucie and Kratochv{\'\i}la, Ji{\v{r}}{\'\i} and MacicÌ†ek, OndrÌ†ej and Nylund, Kim and Hampl, Ales and Gilja, Odd Helge and Taxt, Torfinn and Starcuk, Zenon},
title = {{Blind deconvolution in dynamic contrast-enhanced MRI and ultrasound.}},
journal = {Conference proceedings : ... Annual International Conference of the IEEE Engineering in Medicine and Biology Society. IEEE Engineering in Medicine and Biology Society. Annual Conference},
year = {2014},
volume = {2014},
pages = {4276--4279}
}

@article{Cenic:1999un,
author = {Cenic, A and Nabavi, D G and Craen, R A and Gelb, A W and Lee, T Y},
title = {{Dynamic CT measurement of cerebral blood flow: a validation study.}},
journal = {AJNR. American journal of neuroradiology},
year = {1999},
volume = {20},
number = {1},
pages = {63--73},
month = jan
}

@article{Nally:1985te,
author = {Nally, J V and Clarke, H S and Windham, J P and Grecos, G P and Gross, M L and Potvin, W J},
title = {{Technetium-99m DTPA renal flow studies in Goldblatt hypertension.}},
journal = {Journal of nuclear medicine : official publication, Society of Nuclear Medicine},
year = {1985},
volume = {26},
number = {8},
pages = {917--924},
month = aug
}

@article{Lee:2012hy,
author = {Lee, Joonsang and Platt, Simon and Kent, Marc and Zhao, Qun},
title = {{An analysis of the pharmacokinetic parameter ratios in DCE-MRI using the reference region model.}},
journal = {Magnetic resonance imaging},
year = {2012},
volume = {30},
number = {1},
pages = {26--35},
month = jan
}

@article{Delumeau2011,
author = {Delumeau, S and Lebigot, J and Ridereau-Zins, C and Bouvier, A and Boursier, J and Aub{\'e}, C},
title = {{Aspects et {\'e}valuation post-th{\'e}rapeutiques des l{\'e}sions du foie apr{\`e}s traitement non chirurgical}},
journal = {Journal de Radiologie},
year = {2011},
volume = {92},
number = {7-8},
pages = {632--658},
annote = {Diff{\~A}{\textcopyright}rentes m{\~A}{\textcopyright}thodes d'{\~A}{\textcopyright}valuation de r{\~A}{\textcopyright}ponse {\~A}~ un traitement non chirurgical :
x RECIST - unidimensionnel et non adapt{\~A}{\textcopyright} aux traitements locor{\~A}{\textcopyright}gionaux ;
x EASL - prise en compte de la n{\~A}{\textcopyright}crose tumorale, {\~A}{\textcopyright}tude de l'aire ;
x Chun - crit{\~A}{\textasciidieresis}res sur l'homog{\~A}{\textcopyright}n{\~A}{\textcopyright}it{\~A}{\textcopyright} de la densit{\~A}{\textcopyright} et l'interface entre le tissu sain et la tumeur ;
x Choi - crit{\~A}{\textasciidieresis}res sur la densit{\~A}{\textcopyright} et unidimensionnel.

Aspect visuel des r{\~A}{\textcopyright}ponses selon la modalit{\~A}{\textcopyright} d'imagerie, les traitement et les crit{\~A}{\textasciidieresis}res choisis.

}
}

@article{Li:2011jl,
author = {Li, Xia and Welch, E Brian and Arlinghaus, Lori R and Chakravarthy, A Bapsi and Xu, Lei and Farley, Jaime and Loveless, Mary E and Mayer, Ingrid A and Kelley, Mark C and Meszoely, Ingrid M and Means-Powell, Julie A and Abramson, Vandana G and Grau, Ana M and Gore, John C and Yankeelov, Thomas E},
title = {{A novel AIF tracking method and comparison of DCE-MRI parameters using individual and population-based AIFs in human breast cancer.}},
journal = {Physics in medicine and biology},
year = {2011},
volume = {56},
number = {17},
pages = {5753--5769},
month = sep
}

@article{Schlossmacher:1967ti,
author = {Schlossmacher, E J and Weinstein, H and Lochaya, S and Shaffer, A B},
title = {{Perfect mixers in series model for fitting venoarterial indicator-dilution curves.}},
journal = {Journal of applied physiology},
year = {1967},
volume = {22},
number = {2},
pages = {327--332},
month = feb
}

@article{Schlosser:2001vv,
author = {Schlosser, T and Pohl, C and Veltmann, C and Lohmaier, S and Goenechea, J and Ehlgen, A and K{\"o}ster, J and Bimmel, D and Kuntz-Hehner, S and Becher, H and Tiemann, K},
title = {{Feasibility of the flash-replenishment concept in renal tissue: which parameters affect the assessment of the contrast replenishment?}},
journal = {Ultrasound in Medicine {\&} Biology},
year = {2001},
volume = {27},
number = {7},
pages = {937--944},
month = jul
}

@article{Aronson:1993wsa,
author = {Aronson, S and Wiencek, J G and Feinstein, S B and Heidenreich, P A and Zaroff, J G and Walker, R and Roizen, M F},
title = {{Assessment of renal blood flow with contrast ultrasonography.}},
journal = {Anesthesia {\&} {\ldots}},
year = {1993},
volume = {76},
number = {5},
pages = {964--970},
month = may
}

@article{Marsh:1998gw,
author = {Marsh, Jon N and Hughes, Michael S and Hall, Christopher S and Lewis, Stephen H and Trousil, Rebecca L and Brandenburger, Gary H and Levene, Harold and Miller, James G},
title = {{Frequency and concentration dependence of the backscatter coefficient of the ultrasound contrast agent Albunex[sup {\textregistered}]}},
journal = {The Journal of the Acoustical Society of America},
year = {1998},
volume = {104},
number = {3},
pages = {1654}
}

@article{Faranesh:2008tt,
author = {Faranesh, A Z and Yankeelov, Thomas E},
title = {{Incorporating a vascular term into a reference region model for the analysis of DCE-MRI data: a simulation study}},
journal = {Physics in medicine and biology},
year = {2008}
}

@incollection{Lassen:1979tk,
author = {Lassen, Niels A and Perl, William and {lassen}},
title = {{Summary of Black-Box Analysis}},
booktitle = {Tracer kinetic methods in medical physiology},
year = {1979},
pages = {1--11}
}

@article{Gomez:1965vi,
author = {G{\'o}mez, D M and Demeester, M and Steinmetz, P R and Lowenstein, J and Sammons, B P and Baldwin, D S and Chasis, H},
title = {{Functional blood volume and distribution of specific blood flow in the kidney of man.}},
journal = {Journal of applied physiology},
year = {1965},
volume = {20},
number = {4},
pages = {703--708},
month = jun
}

@article{Nguyen2011,
author = {Bercoff, Jeremy and Tanter, Micka{\"e}l and Couade, Mathieu and Nguyen, Thu-Mai},
title = {{Assessment of viscous and elastic properties of sub-wavelength layered soft tissues using shear wave spectroscopy: theoretical framework and in vitro experimental validation.}},
journal = {IEEE Transactions on Ultrasonics, Ferroelectrics and Frequency Control},
year = {2011},
volume = {58},
number = {11},
pages = {2305--2315},
month = nov
}

@article{Heisen:2010tn,
author = {Heisen, M and Fan, X and Buurman, J},
title = {{The use of a reference tissue arterial input function with low-temporal-resolution DCE-MRI data}},
journal = {Physics in medicine and biology},
year = {2010}
}

@article{Goel:2011ku,
author = {Goel, Shom and Duda, Dan G and Xu, Lei and Munn, Lance L and Boucher, Yves and Fukumura, Dai and Jain, Rakesh K},
title = {{Normalization of the Vasculature for Treatment of Cancer and Other Diseases}},
journal = {Physiological Reviews},
year = {2011},
volume = {91},
number = {3},
pages = {1071--1121},
month = jul
}

@article{Gramiak:1969bu,
author = {Gramiak, R and Shah, P M and Kramer, D H},
title = {{Ultrasound cardiography: contrast studies in anatomy and function.}},
journal = {Radiology},
year = {1969},
volume = {92},
number = {5},
pages = {939--948},
month = apr
}

@article{Lavisse:2008gc,
author = {Lavisse, Sonia and Lejeune, Pascale and Rouffiac, Val{\'e}rie and Elie, Nicolas and Bribes, Estelle and Demers, Brigitte and Vrignaud, Patricia and Bissery, Marie-Christine and Brul{\'e}, Aude and Koscielny, Serge and Peronneau, Pierre and Lassau, Nathalie},
title = {{Early quantitative evaluation of a tumor vasculature disruptive agent AVE8062 using dynamic contrast-enhanced ultrasonography.}},
journal = {Investigative Radiology},
year = {2008},
volume = {43},
number = {2},
pages = {100--111},
month = feb
}

@book{Ayache:2012fl,
editor = {Ayache, Nicholas and Delingette, Herv{\'e} and Golland, Polina and Mori, Kensaku},
title = {{Medical Image Computing and Computer-Assisted Intervention {\textendash} MICCAI 2012}},
publisher = {Springer Berlin Heidelberg},
year = {2012},
volume = {7512},
series = {Lecture Notes in Computer Science},
address = {Berlin, Heidelberg}
}

@article{Wang:2015bb,
author = {Wang, Huaijun and Hristov, Dimitre and Qin, Jiale and Tian, Lu and Willmann, J{\"u}rgen K},
title = {{Three-dimensional Dynamic Contrast-enhanced US Imaging for Early Antiangiogenic Treatment Assessment in a Mouse Colon Cancer Model.}},
journal = {Radiology},
year = {2015},
volume = {277},
number = {2},
pages = {424--434},
month = nov
}

@article{Tiemann:2000wl,
author = {Tiemann, K and Schlosser, T and Pohl, C and Bimmel, D and Wietasch, G and Hoeft, A and Likungu, J and Vahlhaus, C and Kuntz, S and Nanda, N C and Becher, H and L{\"u}deritz, B},
title = {{Are microbubbles free flowing tracers through the Myocardium? Comparison of indicator-dilution curves obtained from dye dilution and echo contrast using harmonic power Doppler imaging.}},
journal = {Echocardiography (Mount Kisco, N.Y.)},
year = {2000},
volume = {17},
number = {1},
pages = {17--27},
month = jan
}

@article{deJong:2000fg,
author = {de Jong, Nico and Frinking, Peter J A and Bouakaz, Ayache and Ten Cate, Folkert J},
title = {{Detection procedures of ultrasound contrast agents}},
journal = {Ultrasonics},
year = {2000},
volume = {38},
number = {1-8},
pages = {87--92},
month = mar
}

@article{Guibal:2010bl,
author = {Guibal, Aymeric and Taillade, Laurent and Mul{\'e}, S{\'e}bastien and Comperat, Eva and Badachi, Yasmina and Golmard, Jean Louis and Le Guillou-Buffello, Delphine and Rixe, Olivier and Bridal, S Lori and Lucidarme, Olivier},
title = {{Noninvasive contrast-enhanced US quantitative assessment of tumor microcirculation in a murine model: effect of discontinuing anti-VEGF therapy.}},
journal = {Radiology},
year = {2010},
volume = {254},
number = {2},
pages = {420--429},
month = feb
}

@article{Stroustrup:2016hg,
author = {Stroustrup, Nicholas and Anthony, Winston E and Nash, Zachary M and Gowda, Vivek and Gomez, Adam and L{\'o}pez-Moyado, Isaac F and Apfeld, Javier and Fontana, Walter},
title = {{The temporal scaling of Caenorhabditis elegans ageing}},
journal = {Nature},
year = {2016},
volume = {530},
number = {7588},
pages = {103--107},
month = jan
}

@article{Greis:2009do,
author = {Greis, Christian},
title = {{Ultrasound contrast agents as markers of vascularity and microcirculation.}},
journal = {Clinical hemorheology and microcirculation},
year = {2009},
volume = {43},
number = {1-2},
pages = {1--9}
}

@article{Burns:2000tl,
author = {Burns, P N and Wilson, S R and Simpson, D H},
title = {{Pulse inversion imaging of liver blood flow: improved method for characterizing focal masses with microbubble contrast.}},
journal = {Investigative Radiology},
year = {2000},
volume = {35},
number = {1},
pages = {58--71},
month = jan
}

@article{Holt:1992dk,
author = {Holt, R Glynn and Crum, Lawrence A},
title = {{Acoustically forced oscillations of air bubbles in water: Experimental results}},
journal = {The Journal of the Acoustical Society of America},
year = {1992},
volume = {91},
number = {4},
pages = {1924--1932},
month = apr
}

@article{Tei:1983ul,
author = {Tei, C and Sakamaki, T and Shah, P M and Meerbaum, S and Shimoura, K and Kondo, S and Corday, E},
title = {{Myocardial contrast echocardiography: a reproducible technique of myocardial opacification for identifying regional perfusion deficits.}},
journal = {Circulation},
year = {1983},
volume = {67},
number = {3},
pages = {585--593},
month = mar
}

@article{Abramson:2016kc,
author = {Abramson, Richard G and Arlinghaus, Lori R and Dula, Adrienne N and Quarles, C Chad and Stokes, Ashley M and Weis, Jared A and Whisenant, Jennifer G and Chekmenev, Eduard Y and Zhukov, Igor and Williams, Jason M and Yankeelov, Thomas E},
title = {{MR Imaging Biomarkers in Oncology Clinical Trials.}},
journal = {Magnetic resonance imaging clinics of North America},
year = {2016},
volume = {24},
number = {1},
pages = {11--29},
month = feb
}

@article{Stewart:1897dz,
author = {Stewart, G N},
title = {{Researches on the Circulation Time and on the Influences which affect it}},
journal = {The Journal of Physiology},
year = {1897},
volume = {22},
number = {3},
pages = {159--183},
month = nov
}

@article{Malamas:2015dy,
author = {Malamas, Anthony S and Jin, Erlei and Zhang, Qi and Haaga, John and Lu, Zheng-Rong},
title = {{Anti-angiogenic Effects of Bumetanide Revealed by DCE-MRI with a Biodegradable Macromolecular Contrast Agent in a Colon Cancer Model.}},
journal = {Pharmaceutical research},
year = {2015},
volume = {32},
number = {9},
pages = {3029--3043},
month = sep
}

@article{Hamilton:1932ww,
author = {Hamilton, W F and Moore, John Walker and Kinsman, J M and Spurling, R G},
title = {{STUDIES ON THE CIRCULATION}},
journal = {American Journal of Physiology -- Legacy Content},
year = {1932},
volume = {99},
number = {3},
pages = {534--551},
month = feb
}

@article{Krix:2003wh,
author = {Krix, Martin and Kiessling, Fabian and Vosseler, Silvia and Kiessling, Isabel and Le-Huu, Martin and Fusenig, Norbert E and Delorme, Stefan},
title = {{Comparison of intermittent-bolus contrast imaging with conventional power Doppler sonography: quantification of tumour perfusion in small animals.}},
journal = {Ultrasound in Medicine {\&} Biology},
year = {2003},
volume = {29},
number = {8},
pages = {1093--1103},
month = aug
}

@article{Wise:1966ji,
author = {Wise, M E},
title = {{The geometry of log-normal and related distributions and an application to tracer-dilution curves}},
journal = {Statistica Neerlandica},
year = {1966},
volume = {20},
number = {1},
pages = {119--142},
month = mar
}

@article{Mischi:2004cn,
author = {Mischi, M and Kalker, T A and Korsten, E H},
title = {{Contrast echocardiography for pulmonary blood volume quantification}},
journal = {IEEE Transactions on Ultrasonics, Ferroelectrics and Frequency Control},
year = {2004},
volume = {51},
number = {9},
pages = {1137--1147},
month = sep
}

@article{Bergmann:1984hu,
author = {Bergmann, S R and Fox, K A and Rand, A L and McElvany, K D and Welch, M J and Markham, J and Sobel, B E},
title = {{Quantification of regional myocardial blood flow in vivo with H215O.}},
journal = {Circulation},
year = {1984},
volume = {70},
number = {4},
pages = {724--733},
month = oct
}

@article{Cavallo2011,
author = {Cavallo, Federica and De Giovanni, Carla and Nanni, Patrizia and Forni, Guido and Lollini, Pier-Luigi},
title = {{2011: the immune hallmarks of cancer.}},
journal = {Cancer immunology, immunotherapy : CII},
year = {2011},
volume = {60},
number = {3},
pages = {319--326},
month = mar
}

@article{Maltz:1973jj,
author = {Maltz, David L and Treves, S},
title = {{Quantitative Radionuclide Angiocardiography}},
journal = {Circulation},
year = {1973},
volume = {47},
number = {5},
pages = {1049--1056},
month = may
}

@article{DeGrazia:1974uo,
author = {DeGrazia, J A and Scheibe, P O and Jackson, P E and Lucas, Z J and Fair, W R and Vogel, J M and Blumin, L J},
title = {{Clinical applications of a kinetic model of hippurate distribution and renal clearance.}},
journal = {Journal of nuclear medicine : official publication, Society of Nuclear Medicine},
year = {1974},
volume = {15},
number = {2},
pages = {102--114},
month = feb
}

@article{Shelton:1993wp,
author = {Shelton, M E and Senneff, M J and Ludbrook, P A and Sobel, B E and Bergmann, S R},
title = {{Concordance of nutritive myocardial perfusion reserve and flow velocity reserve in conductance vessels in patients with chest pain with angiographically normal coronary arteries.}},
journal = {Journal of nuclear medicine : official publication, Society of Nuclear Medicine},
year = {1993},
volume = {34},
number = {5},
pages = {717--722},
month = may
}

@incollection{Lassen:1979ts,
author = {Lassen, Niels A and Perl, William and {lassen}},
title = {{Osmotic Exchange}},
booktitle = {Tracer kinetic methods in medical physiology},
year = {1979},
pages = {1--11}
}

@incollection{Lassen:1979vf,
author = {Lassen, Niels A and Perl, William and {lassen}},
title = {{Volume of Distribution or Mass of Substance in a Closed System}},
booktitle = {Tracer kinetic methods in medical physiology},
year = {1979},
pages = {1--12}
}

@book{Khalifa2011,
author = {El-Baz, Ayman S and Acharya U, Rajendra and Mirmehdi, Majid and Suri, Jasjit S},
title = {{Multi modality state-of-the-art medical image segmentation and registration methodologies}},
year = {2011}
}

@article{Balvay:2005ca,
author = {Balvay, Daniel and Frouin, Fr{\'e}d{\'e}rique and Calmon, Guillaume and Bessoud, Bertrand and Kahn, Edmond and Siauve, Nathalie and Cl{\'e}ment, Olivier and Cuenod, Charles A},
title = {{New criteria for assessing fit quality in dynamic contrast-enhancedT1-weighted MRI for perfusion and permeability imaging}},
journal = {Magnetic Resonance in Medicine},
year = {2005},
volume = {54},
number = {4},
pages = {868--877}
}

@article{Walley:1964fr,
author = {Walley, D and Sheppard, C W},
title = {{Basic Principles of the Tracer Method.}},
journal = {Biometrika},
year = {1964},
volume = {51},
number = {1/2},
pages = {294},
month = jun
}

@article{Renault:2005dy,
author = {Renault, G and Tranquart, F and Perlbarg, V and Bleuzen, A and Herment, A and Frouin, Fr{\'e}d{\'e}rique},
title = {{A posteriori respiratory gating in contrast ultrasound for assessment of hepatic perfusion.}},
journal = {Physics in medicine and biology},
year = {2005},
volume = {50},
number = {19},
pages = {4465--4480},
month = oct
}

@article{Yankeelov:2016ht,
author = {Yankeelov, Thomas E and Mankoff, David A and Schwartz, Lawrence H and Lieberman, Frank S and Buatti, John M and Mountz, James M and Erickson, Bradley J and Fennessy, Fiona M M and Huang, Wei and Kalpathy-Cramer, Jayashree and Wahl, Richard L and Linden, Hannah M and Kinahan, Paul E and Zhao, Binsheng and Hylton, Nola M and Gillies, Robert J and Clarke, Laurence and Nordstrom, Robert and Rubin, Daniel L},
title = {{Quantitative Imaging in Cancer Clinical Trials.}},
journal = {Clinical cancer research : an official journal of the American Association for Cancer Research},
year = {2016},
volume = {22},
number = {2},
pages = {284--290},
month = jan
}

@inproceedings{Doury:2016tk,
author = {Doury, Maxime and Dizeux, Alexandre and De Cesare, Alain and Lucidarme, Olivier and Bridal, S Lori and Frouin, Fr{\'e}d{\'e}rique},
title = {{Comparison of the reproducibility of perfusion parameters obtained in CEUS studies with three modeling approaches}},
booktitle = {IEEE International Symposium on Biomedical Imaging},
year = {2016},
address = {Prague},
month = feb
}

@article{ostergaard:1996gt,
author = {{\O}stergaard, Leif and Weisskoff, Robert M and Chesler, David A and Gyldensted, Carsten and Rosen, Bruce R},
title = {{High resolution measurement of cerebral blood flow using intravascular tracer bolus passages. Part I: Mathematical approach and statistical analysis}},
journal = {Magnetic Resonance in Medicine},
year = {1996},
volume = {36},
number = {5},
pages = {715--725},
month = nov
}

@article{Wilke:1993wu,
author = {Wilke, N and Simm, C and Zhang, J and Ellermann, J and Ya, X and Merkle, H and Path, G and L{\"u}demann, H and Bache, R J and U{\u{g}}urbil, K},
title = {{Contrast-enhanced first pass myocardial perfusion imaging: correlation between myocardial blood flow in dogs at rest and during hyperemia.}},
journal = {Magnetic Resonance in Medicine},
year = {1993},
volume = {29},
number = {4},
pages = {485--497},
month = apr
}

@article{Ioannidis2005,
author = {Ioannidis, John P A},
title = {{Why most published research findings are false.}},
journal = {PLoS Medicine},
year = {2005},
volume = {2},
number = {8},
pages = {e124},
month = aug
}

@article{Quaia:2009fs,
author = {Quaia, Emilio and Nocentini, Aldo and Torelli, Lucio},
title = {{Assessment of a new mathematical model for the computation of numerical parameters related to renal cortical blood flow and fractional blood volume by contrast-enhanced ultrasound.}},
journal = {Ultrasound in Medicine {\&} Biology},
year = {2009},
volume = {35},
number = {4},
pages = {616--627},
month = apr
}

@article{deJong:1991vp,
author = {de Jong, N and Ten Cate, F J and Lanc{\'e}e, C T and Roelandt, J R and Bom, N},
title = {{Principles and recent developments in ultrasound contrast agents.}},
journal = {Ultrasonics},
year = {1991},
volume = {29},
number = {4},
pages = {324--330},
month = jul
}

@article{Kaufman:2016iz,
author = {Kaufman, C K and Mosimann, C and Fan, Z P and Yang, S and Thomas, A J and Ablain, J and Tan, J L and Fogley, R D and van Rooijen, E and Hagedorn, E J and Ciarlo, C and White, R M and Matos, D A and Puller, A C and Santoriello, C and Liao, E C and Young, R A and Zon, L I},
title = {{A zebrafish melanoma model reveals emergence of neural crest identity during melanoma initiation}},
journal = {Science},
year = {2016},
volume = {351},
number = {6272},
pages = {aad2197--aad2197},
month = jan
}

@article{Schwarz:1993wp,
author = {Schwarz, K Q and Bezante, G P and Chen, X and Mottley, J G and Schlief, R},
title = {{Volumetric arterial flow quantification using echo contrast. An in vitro comparison of three ultrasonic intensity methods: radio frequency, video and Doppler.}},
journal = {Ultrasound in Medicine {\&} Biology},
year = {1993},
volume = {19},
number = {6},
pages = {447--460}
}

@article{Riabkov:2002ke,
author = {Riabkov, D Y and Di Bella, E V R},
title = {{Estimation of kinetic parameters without input functions: analysis of three methods for multichannel blind identification}},
journal = {Biomedical Engineering},
year = {2002},
volume = {49},
number = {11},
pages = {1318--1327},
month = nov
}

@article{Zink:2016jz,
author = {Zink, F and Kratzer, W and Schmidt, S and Oeztuerk, S and Mason, R A and Porzner, M and Klaus, J and Haenle, M M and Graeter, T},
title = {{Comparison of Two High-End Ultrasound Systems for Contrast-Enhanced Ultrasound Quantification of Mural Microvascularity in Crohn's Disease.}},
journal = {Ultraschall in der Medizin (Stuttgart, Germany : 1980)},
year = {2016},
volume = {37},
number = {1},
pages = {74--81},
month = feb
}

@article{Potdevin:2004eq,
author = {Potdevin, T C and Fowlkes, J B and Moskalik, A P and Carson, P L},
title = {{Analysis of refill curve shape in ultrasound contrast agent studies.}},
journal = {Medical physics},
year = {2004},
volume = {31},
number = {3},
pages = {623--632},
month = mar
}

@book{Anonymous:2008tf,
title = {{Encyclopedia of Diagnostic Imaging}},
publisher = {Springer Berlin Heidelberg},
year = {2008},
address = {Berlin, Heidelberg}
}

@article{Wiencek:1993hr,
author = {Wiencek, J G and Feinstein, S B and Walker, R and Aronson, S},
title = {{Pitfalls in quantitative contrast echocardiography: the steps to quantitation of perfusion.}},
journal = {Journal of the American Society of Echocardiography},
year = {1993},
volume = {6},
number = {4},
pages = {395--416},
month = jul
}

@book{Morse:1968vl,
author = {Morse, Philip McCord and Ingard, K Uno},
title = {{Theoretical acoustics}},
publisher = {McGraw-Hill},
year = {1968},
series = {International series in pure and applied physics},
address = {New York, NY}
}

@article{Lefort:2012km,
author = {Lefort, Thibaud and Pilleul, Frank and Mul{\'e}, S{\'e}bastien and Bridal, S Lori and Frouin, Fr{\'e}d{\'e}rique and Lombard-Bohas, Catherine and Walter, Thomas and Lucidarme, Olivier and Guibal, Aymeric},
title = {{Correlation and agreement between contrast-enhanced ultrasonography and perfusion computed tomography for assessment of liver metastases from endocrine tumors: normalization enhances correlation.}},
journal = {Ultrasound in Medicine {\&} Biology},
year = {2012},
volume = {38},
number = {6},
pages = {953--961},
month = jun
}

@article{Jirik:2013cla,
author = {Jirik, Radovan and Nylund, Kim and Gilja, Odd H and Mezl, Martin and Harabis, Vratislav and Kolar, Radim and Standara, Michal and Taxt, Torfinn},
title = {{Ultrasound perfusion analysis combining bolus-tracking and burst-replenishment.}},
journal = {IEEE Transactions on Ultrasonics, Ferroelectrics and Frequency Control},
year = {2013},
volume = {60},
number = {2},
pages = {310--319},
month = feb
}

@article{Meairs:2000eq,
author = {Meairs, S and Daffertshofer, M and Neff, W and Eschenfelder, C and Hennerici, M},
title = {{Pulse-inversion contrast harmonic imaging: ultrasonographic assessment of cerebral perfusion.}},
journal = {Lancet (London, England)},
year = {2000},
volume = {355},
number = {9203},
pages = {550--551},
month = feb
}

@inproceedings{Mule:2007fx,
author = {Mul{\'e}, S and De Cesare, Alain and Lucidarme, Olivier and Frouin, Fr{\'e}d{\'e}rique and Herment, A},
title = {{12A-6 A Method for the Regularized Estimation of Contrast Agent Concentration in Small Animal Contrast-Enhanced Ultrasound Studies}},
booktitle = {2007 IEEE Ultrasonics Symposium Proceedings},
year = {2007},
pages = {1081--1084},
publisher = {IEEE}
}

@article{Ribba:2011cl,
author = {Ribba, Benjamin and Watkin, Emmanuel and Tod, Michel and Girard, Pascal and Grenier, Emmanuel and You, Beno{\^\i}t and Giraudo, Enrico and Freyer, Gilles},
title = {{A model of vascular tumour growth in mice combining longitudinal tumour size data with histological biomarkers.}},
journal = {European journal of cancer (Oxford, England : 1990)},
year = {2011},
volume = {47},
number = {3},
pages = {479--490},
month = feb
}

@article{Lucidarme:2006cw,
author = {Lucidarme, Olivier and Kono, Yuko and Corbeil, Jacqueline and Choi, Sang-Hee and Golmard, Jean Louis and Varner, Judith and Mattrey, Robert F},
title = {{Angiogenesis: noninvasive quantitative assessment with contrast-enhanced functional US in murine model.}},
journal = {Radiology},
year = {2006},
volume = {239},
number = {3},
pages = {730--739},
month = jun
}

@article{Klein2010,
author = {Klein, Stefan and Staring, Marius and Murphy, Keelin},
title = {{Elastix: a toolbox for intensity-based medical image registration}},
journal = {Medical Imaging},
year = {2010}
}

@article{Sklenar:1992cb,
author = {Sklenar, J and Jayaweera, A R and Kaul, S},
title = {{A computer-aided approach for the quantitation of regional left ventricular function using two-dimensional echocardiography.}},
journal = {Journal of the American Society of Echocardiography},
year = {1992},
volume = {5},
number = {1},
pages = {33--40},
month = jan
}

@article{Wasmeier:2008jy,
author = {Wasmeier, Gerald H and Zimmermann, Wolfram-H and Schineis, Nico and Melnychenko, Ivan and Voigt, Jens-Uwe and Eschenhagen, Thomas and Flachskampf, Frank A and Daniel, Werner G and Nixdorff, Uwe},
title = {{Real-Time Myocardial Contrast Echocardiography for Assessing Perfusion and Function in Healthy and Infarcted Wistar Rats}},
journal = {Ultrasound in Medicine {\&} Biology},
year = {2008},
volume = {34},
number = {1},
pages = {47--55},
month = jan
}

@article{vanBuuren:2011ic,
author = {van Buuren, Stef and Groothuis-Oudshoorn, Karin},
title = {{mice : Multivariate Imputation by Chained Equations in R }},
journal = {Journal of Statistical Software},
year = {2011},
volume = {45},
number = {3}
}

@article{Kim:2012da,
author = {Kim, Jae-Hun and Im, Geun Ho and Yang, Jehoon and Choi, Dongil and Lee, Won Jae and Lee, Jung Hee},
title = {{Quantitative dynamic contrast-enhanced MRI for mouse models using automatic detection of the arterial input function.}},
journal = {NMR in biomedicine},
year = {2012},
volume = {25},
number = {4},
pages = {674--684},
month = apr
}

@article{Mule:2011ij,
author = {Mul{\'e}, S and Kachenoura, N and Lucidarme, Olivier and De Oliveira, A and Pellot-Barakat, C and Herment, A and Frouin, Fr{\'e}d{\'e}rique},
title = {{An automatic respiratory gating method for the improvement of microcirculation evaluation: application to contrast-enhanced ultrasound studies of focal liver lesions}},
journal = {Physics in medicine and biology},
year = {2011},
volume = {56},
number = {16},
pages = {5153--5165}
}

@article{Fedorov:2014dl,
author = {Fedorov, Andriy and Fluckiger, Jacob and Ayers, Gregory D and Li, Xia and Gupta, Sandeep N and Tempany, Clare and Mulkern, Robert and Yankeelov, Thomas E and Fennessy, Fiona M M},
title = {{A comparison of two methods for estimating DCE-MRI parameters via individual and cohort based AIFs in prostate cancer: a step towards practical implementation.}},
journal = {Magnetic resonance imaging},
year = {2014},
volume = {32},
number = {4},
pages = {321--329},
month = may
}

@article{Meltzer:1982vt,
author = {Meltzer, R S and Roelandt, J and Bastiaans, O L and Pi{\'e}rard, L and Serruys, P W and Lanc{\'e}e, C T},
title = {{Videodensitometric processing of contrast two-dimensional echocardiographic data.}},
journal = {Ultrasound in Medicine {\&} Biology},
year = {1982},
volume = {8},
number = {5},
pages = {509--514}
}

