%% This BibTeX bibliography file was created using BibDesk.
%% http://bibdesk.sourceforge.net/

%% Created for FROUIN Frederique INSERM at 2017-02-15 18:28:05 +0100 


%% Saved with string encoding Unicode (UTF-8) 



@article{Patlak:1983id,
	Author = {Patlak, Clifford S and Blasberg, Ronald G and Fenstermacher, Joseph D},
	Date-Added = {2017-02-15 17:27:59 +0000},
	Date-Modified = {2017-02-15 17:27:59 +0000},
	Journal = {J Cereb Blood Flow Metab},
	Month = mar,
	Number = {1},
	Pages = {1--7},
	Title = {{Graphical evaluation of blood-to-brain transfer constants from multiple-time uptake data}},
	Volume = {3},
	Year = {1983}}

@article{Strouthos2010it,
	Author = {Strouthos, Costas and Lampaskis, Marios and Sboros, Vassilis and McNeilly, Alan and Averkiou, Michalakis},
	Date-Added = {2017-02-15 12:52:20 +0000},
	Date-Modified = {2017-02-15 12:52:20 +0000},
	Journal = {IEEE Trans Ultrason Ferroelectr Freq Control},
	Month = jun,
	Number = {6},
	Pages = {1296--1310},
	Title = {{Indicator dilution models for the quantification of microvascular blood flow with bolus administration of ultrasound contrast agents}},
	Volume = {57},
	Year = {2010}}

@inproceedings{Doury2016fi,
	Author = {Doury, Maxime and Dizeux, Alexandre and De Cesare, Alain and Lucidarme, Olivier and Bridal, S Lori and Frouin, Fr{\'e}d{\'e}rique},
	Booktitle = {2016 IEEE International Ultrasonics Symposium (IUS)},
	Pages = {1--4},
	Publisher = {IEEE},
	Title = {{Regularized linear resolution of a one-compartment model to improve the reproducibility of perfusion parameters in CEUS}},
	Year = {2016}}

@article{Doury:2017fz,
	Author = {Doury, Maxime and Dizeux, Alexandre and De Cesare, Alain and Lucidarme, Olivier and Pellot-Barakat, Claire and Bridal, S Lori and Frouin, Fr{\'e}d{\'e}rique},
	Journal = {Phys Med Biol},
	Month = feb,
	Number = {3},
	Pages = {1113--1125},
	Title = {{Quantification of tumor perfusion using dynamic contrast-enhanced ultrasound: impact of mathematical modeling}},
	Volume = {62},
	Year = {2017}}

@article{Yankeelov2005de,
	Author = {Yankeelov, Thomas E and Luci, Jeffrey J and Lepage, Martin and Li, Rui and Debusk, Laura and Lin, P Charles and Price, Ronald R and Gore, John C},
	Journal = {Magn Reson Imaging},
	Month = may,
	Number = {4},
	Pages = {519--529},
	Title = {{Quantitative pharmacokinetic analysis of DCE-MRI data without an arterial input function: a reference region model.}},
	Volume = {23},
	Year = {2005}}

@article{Blomley1997ff,
	Author = {Blomley, M J and Dawson, P},
	Journal = {Br J Radiol},
	Month = apr,
	Number = {832},
	Pages = {351--359},
	Title = {{Bolus dynamics: theoretical and experimental aspects.}},
	Volume = {70},
	Year = {1997}}

@article{Dizeux2016cd,
	Author = {Dizeux, Alexandre and Payen, Thomas and Barrois, Guillaume and Le Guillou-Buffello, Delphine and Bridal, S Lori},
	Journal = {Mol Imaging Biol},
	Month = oct,
	Number = {5},
	Pages = {651--658},
	Title = {{Reproducibility of Contrast-Enhanced Ultrasound in Mice with Controlled Injection.}},
	Volume = {18},
	Year = {2016}}
    
 @article{Lefort2012,
	Author = {Lefort, Thibaud and Pilleul, Frank and Mul{\'e}, S{\'e}bastien and Bridal, S Lori and Frouin, Fr{\'e}d{\'e}rique and Lombard-Bohas, Catherine and Walter, Thomas and Lucidarme, Olivier and Guibal, Aymeric},
	Journal = {Ultrasound Med Biol},
	Number = {6},
	Pages = {953--961},
	Title = {{Correlation and agreement between contrast-enhanced ultrasonography and perfusion computed tomography for assessment of liver metastases from endocrine tumors: normalization enhances correlation}},
	Volume = {38},
	Year = {2012}}   
    
@article{Dietrich:2012kw,
author = {Dietrich, C F and Averkiou, Michalakis and Correas, J-M and Lassau, N and Leen, E and Piscaglia, F},
title = {{An EFSUMB introduction into Dynamic Contrast-Enhanced Ultrasound (DCE-US) for quantification of tumour perfusion}},
journal = {Ultraschall Med},
year = {2012},
volume = {33},
number = {4},
pages = {344--351},
month = aug
}

@article{Turco:2016,
author = {Turco, Simona and Wijkstra, Hessel and Mischi, Massimo},
title = {{Mathematical Models of Contrast Transport Kinetics for Cancer Diagnostic Imaging: A Review}},
journal = {IEEE Reviews in Biomedical Engineering},
year = {2016},
volume = {9},
pages = {121--147}
}

@article{Lowerison2017,
author = {Lowerison, MR and Tse, JJ and Hague, MN and Chambers, AF and Holdsworth, DW and Lacefield, JC},
title = {{Compound speckle model detects anti-angiogenic tumor response in preclinical nonlinear contrast-enhanced ultrasonography}},
journal = {Med Phys},
year = {2017},
number = {1},
volume = {44},
pages = {99--111}
}


@article{Barrois2013,
	Author = {Barrois, Guillaume and Coron, Alain and Payen, Thomas and Dizeux, Alexandre and Bridal, S Lori},
	Journal = {IEEE Trans. Ultrason., Ferroelect., Freq. Contr.},
	Number = {11},
	Pages = {2284--2294},
	Title = {{A Multiplicative Model for Improving Microvascular Flow Estimation in Dynamic Theory and Experimental Validation}},
	Volume = {60},
	Year = {2013}}
    
    
