%% Created using Papers on Fri, 27 May 2016.
%% http://papersapp.com/papers/

@article{Tudorica2002at,
author = {Tudorica, A and Fang Li, H and Hospod, F and Delucia-Deranja, E and Huang, W and Patlak, CS and Newman, GC},
title = {{Cerebral blood volume measurements by rapid contrast
infusion and T2*-weighted echo planar MRI}},
journal = {Magn Reson Med},
year = {2002},
volume = {47},
number = {6},
pages = {1145--1157},
month = jun
}

@article{Hothorn2008ht,
author = {Hothorn, T and  Hornik, K and van de Wiel, MA and Zeileis, A},
title = {{Implementing a Class of Permutation Tests: The coin Package}},
journal = {Journal of Statistical Software},
year = {2008},
volume = {28},
number = {8},
pages = {1--23},
}

@article{Tang2011fj,
author = {Tang, M X and Mulvana, H and Gauthier, T and Lim, A K P and Cosgrove, D O and Eckersley, R J and Stride, E},
title = {{Quantitative contrast-enhanced ultrasound imaging: a review of sources of variability}},
journal = {Interface Focus},
year = {2011},
volume = {1},
number = {4},
pages = {520--539},
month = jun
}


@article{Strouthos2010it,
author = {Strouthos, Costas and Lampaskis, Marios and Sboros, Vassilis and McNeilly, Alan and Averkiou, Michalakis},
title = {{Indicator dilution models for the quantification of microvascular blood flow with bolus administration of ultrasound contrast agents}},
journal = {IEEE Trans Ultrason Ferroelectr Freq Control},
year = {2010},
volume = {57},
number = {6},
pages = {1296--1310},
month = jun
}

@article{Tofts1999ih,
author = {Tofts, Paul S and Brix, Gunnar and Buckley, David L and Evelhoch, Jeffrey L and Henderson, Elizabeth and Knopp, Michael V and Larsson, Henrik B and Lee, Ting-Yim and Mayr, Nina A and Parker, Geoffrey J and Port, Ruediger E and Taylor, June and Weisskoff, Robert M},
title = {{Estimating kinetic parameters from dynamic contrast-enhanced T(1)-weighted MRI of a diffusable tracer: standardized quantities and symbols}},
journal = {J Magn Reson Imaging},
year = {1999},
volume = {10},
number = {3},
pages = {223--232}
}

@article{Guibal2010bl,
author = {Guibal, Aymeric and Taillade, Laurent and Mul{\'e}, S{\'e}bastien and Comperat, Eva and Badachi, Yasmina and Golmard, Jean Louis and Le Guillou-Buffello, Delphine and Rixe, Olivier and Bridal, S Lori and Lucidarme, Olivier},
title = {{Noninvasive contrast-enhanced US quantitative assessment of tumor microcirculation in a murine model: effect of discontinuing anti-VEGF therapy}},
journal = {Radiology},
year = {2010},
volume = {254},
number = {2},
pages = {420--429},
month = feb
}

@article{Wei1998tc,
author = {Wei, K and Jayaweera, A R and Firoozan, S and Linka, A and Skyba, D M and Kaul, S},
title = {{Quantification of myocardial blood flow with ultrasound-induced destruction of microbubbles administered as a constant venous infusion}},
journal = {Circulation},
year = {1998},
volume = {97},
number = {5},
pages = {473--483},
month = feb
}

@article{Kudo2009hy,
author = {Kudo, Kohsuke and Sasaki, Makoto and Ogasawara, Kuniaki and Terae, Satoshi and Ehara, Shigeru and Shirato, Hiroki},
title = {{Difference in tracer delay{\textendash}induced effect among deconvolution algorithms in CT perfusion analysis: quantitative evaluation with digital phantoms}},
journal = {Radiology},
year = {2009},
volume = {251},
number = {1},
pages = {241--249},
month = apr
}

@article{Dizeux2016cd,
author = {Dizeux, Alexandre and Payen, Thomas and Barrois, Guillaume and Le Guillou-Buffello, Delphine and Bridal, S Lori},
title = {{Reproducibility of Contrast-Enhanced Ultrasound in mice with controlled injection}},
journal = {Mol Imaging Biol},
year = {2016},
volume = {18},
number = {5},
pages = {651--658},
month = oct
}

@article{Wang2015bb,
author = {Wang, Huaijun and Hristov, Dimitre and Qin, Jiale and Tian, Lu and Willmann, J{\"u}rgen K},
title = {{Three-dimensional dynamic Contrast-enhanced US imaging for early antiangiogenic treatment assessment in a mouse colon cancer model}},
journal = {Radiology},
year = {2015},
volume = {277},
number = {2},
pages = {424--434},
month = nov
}

@inproceedings{Doury2016tk,
author = {Doury, Maxime and Dizeux, Alexandre and De Cesare, Alain and Lucidarme, Olivier and Bridal, S Lori and Frouin, Fr{\'e}d{\'e}rique},
title = {{Comparison of the reproducibility of perfusion parameters obtained in CEUS studies with three modeling approaches}},
booktitle = {Proc IEEE Int Symp Biomed Imaging},
year = {2016},
address = {Prague},
month = feb
}

@article{Lefort2012km,
author = {Lefort, Thibaud and Pilleul, Frank and Mul{\'e}, S{\'e}bastien and Bridal, S Lori and Frouin, Fr{\'e}d{\'e}rique and Lombard-Bohas, Catherine and Walter, Thomas and Lucidarme, Olivier and Guibal, Aymeric},
title = {{Correlation and agreement between contrast-enhanced ultrasonography and perfusion computed tomography for assessment of liver metastases from endocrine tumors: normalization enhances correlation}},
journal = {Ultrasound Med Biol},
year = {2012},
volume = {38},
number = {6},
pages = {953--961},
month = jun
}

@article{Wedam2006bi,
author = {Wedam, Suparna Bonthala and Low, Jennifer A and Yang, Sherry X and Chow, Catherine K and Choyke, Peter and Danforth, David and Hewitt, Stephen M and Berman, Arlene and Steinberg, Seth M and Liewehr, David J and Plehn, Jonathan and Doshi, Arpi and Thomasson, Dave and McCarthy, Nicole and Koeppen, Hartmut and Sherman, Mark and Zujewski, JoAnne and Camphausen, Kevin and Chen, Helen and Swain, Sandra M},
title = {{Antiangiogenic and antitumor effects of bevacizumab in patients with inflammatory and locally advanced breast cancer}},
journal = {J Clin Oncol},
year = {2006},
volume = {24},
number = {5},
pages = {769--777},
month = feb
}

@article{OConnor2007ku,
author = {O'Connor, J P B and Jackson, A and Parker, G J M and Jayson, G C},
title = {{DCE-MRI biomarkers in the clinical evaluation of antiangiogenic and vascular disrupting agents}},
journal = {Br J Cancer},
year = {2007},
volume = {96},
number = {2},
pages = {189--195},
month = jan
}

@article{vanBuuren2011ica,
author = {van Buuren, Stef and Groothuis-Oudshoorn, Karin},
title = {{mice: Multivariate Imputation by Chained Equations in R}},
journal = {J Stat Softw},
year = {2011},
volume = {45},
number = {1},
pages = {1--67},
month = dec
}

@article{Yankeelov2005de,
author = {Yankeelov, Thomas E and Luci, Jeffrey J and Lepage, Martin and Li, Rui and Debusk, Laura and Lin, P Charles and Price, Ronald R and Gore, John C},
title = {{Quantitative pharmacokinetic analysis of DCE-MRI data without an arterial input function: a reference region model}},
journal = {Magn Reson Imaging},
year = {2005},
volume = {23},
number = {4},
pages = {519--529},
month = may
}

@article{Payen2013jc,
author = {Payen, Thomas and Coron, Alain and Lamuraglia, Michele and Le Guillou-Buffello, Delphine and Gaud, Emmanuel and Arditi, Marcel and Lucidarme, Olivier and Bridal, S Lori},
title = {{Echo-Power estimation from log-compressed video data in dynamic contrast-enhanced ultrasound imaging}},
journal = {Ultrasound Med Biol},
year = {2013},
volume = {39},
number = {10},
pages = {1826--1837},
month = oct
}

@article{Dietrich2012kw,
author = {Dietrich, C F and Averkiou, Michalakis and Correas, J-M and Lassau, N and Leen, E and Piscaglia, F},
title = {{An EFSUMB introduction into Dynamic Contrast-Enhanced Ultrasound (DCE-US) for quantification of tumour perfusion}},
journal = {Ultraschall Med},
year = {2012},
volume = {33},
number = {4},
pages = {344--351},
month = aug
}

@article{Hoeffel2010ce,
author = {Hoeffel, C and Mul{\'e}, S and Huwart, L and Frouin, Fr{\'e}d{\'e}rique and Jais, J P and Helenon, O and Correas, J-M},
title = {{Renal blood flow quantification in pigs using contrast-enhanced ultrasound: an ex vivo study}},
journal = {Ultraschall Med},
year = {2010},
volume = {31},
number = {4},
pages = {363--369},
month = apr
}

@article{Balvay2005ca,
author = {Balvay, Daniel and Frouin, Fr{\'e}d{\'e}rique and Calmon, Guillaume and Bessoud, Bertrand and Kahn, Edmond and Siauve, Nathalie and Cl{\'e}ment, Olivier and Cuenod, Charles A},
title = {{New criteria for assessing fit quality in dynamic contrast-enhanced T1-weighted MRI for perfusion and permeability imaging}},
journal = {Magn Reson Med},
year = {2005},
volume = {54},
number = {4},
pages = {868--877}
}

@article{Patlak1983id,
author = {Patlak, Clifford S and Blasberg, Ronald G and Fenstermacher, Joseph D},
title = {{Graphical evaluation of blood-to-brain transfer constants from multiple-time uptake data}},
journal = {J Cereb Blood Flow Metab},
year = {1983},
volume = {3},
number = {1},
pages = {1--7},
month = mar
}

@article{Jirik2014hv,
author = {Jirik, Radovan and Soucek, Karel and Mezl, Martin and Bartos, Michal and Drazanova, Eva and Drafi, Frantisek and Grossova, Lucie and Kratochv{\'\i}la, Ji{\v{r}}{\'\i} and Macic̆ek, Ondr̆ej and Nylund, Kim and Hampl, Ales and Gilja, Odd Helge and Taxt, Torfinn and Starcuk, Zenon},
title = {{Blind deconvolution in dynamic contrast-enhanced MRI and ultrasound}},
journal = {Conf Proc IEEE Eng Med Biol Soc},
year = {2014},
volume = {2014},
pages = {4276--4279}
}

@article{Gauthier2012vc,
author = {Gauthier, Marianne and Tabarout, Farid and Leguerney, Ingrid and Polrot, M{\'e}lanie and Pitre, St{\'e}phanie and Peronneau, Pierre and Lassau, Nathalie},
title = {{Assessment of quantitative perfusion parameters by dynamic contrast-enhanced sonography using a deconvolution method: an in vitro and in vivo study}},
journal = {J Ultrasound Med},
year = {2012},
volume = {31},
number = {4},
pages = {595--608},
month = apr
}

@article{Mule2008ms,
author = {Mul{\'e}, S{\'e}bastien and de Cesare, Alain and Lucidarme, Olivier and Frouin, Fr{\'e}d{\'e}rique and Herment, Alain},
title = {{Regularized Estimation of Contrast Agent Attenuation for Improvement of Microbubble Imaging in Small Animal Studies}},
journal = {Ultrasound Med Biol},
year = {2008},
volume = {34},
number = {6},
pages = {938--948}
}

@article{Gunn2001gr,
author = {Gunn, R N and Gunn, S R and Cunningham, V J},
title = {{Positron emission tomography compartmental models}},
journal = {J Cereb Blood Flow Metab},
year = {2001},
volume = {21},
number = {6},
pages = {635--652}
}

